2398 4152
215 776 271 808 On
285 776 345 808 the

211 817 315 851 death
331 817 373 850 of
382 817 437 850 his

209 859 350 891 brother
373 862 443 892 Ro-

210 911 281 942 get,
298 903 387 934 Alan

208 944 281 985 lays
295 943 397 975 claim
407 946 445 976 to

208 986 269 1018 the
282 985 421 1019 church.

486 432 588 482 128
995 444 1275 486 HISTORIA
1319 446 1731 490 FUNDATIONIS

479 569 700 638 pacifico
738 569 844 621 fine
887 569 1133 622 conclusa
1172 579 1508 641 putarentur,
1545 581 1765 642 repente
1800 574 1943 627 idem
1985 575 2234 645 Rogerus

478 653 606 705 huic
630 653 756 704 vitae
781 653 944 704 finem
968 653 1184 719 faciens,
1206 655 1376 724 ipsam
1403 656 1678 708 ecclesiam
1692 666 1968 710 vacantem
1990 659 2230 728 reliquit.

482 736 590 788 Sed
628 738 888 806 praefatus
914 737 1123 790 Alanus
1156 740 1220 790 de
1269 739 1548 809 Bellafago
1590 741 1830 794 defuncti
1875 743 2079 811 Rogeri
2125 744 2232 797 fra-

477 829 577 885 ter,
606 841 723 875 eam
767 823 862 874 diu
890 841 1074 874 vacare
1114 842 1222 875 non
1253 824 1591 894 permittens,
1635 827 1827 878 abbate
1869 836 1925 879 et
1964 837 2231 881 conventu

477 907 541 958 de
569 906 724 958 Bello
749 907 1085 959 inconsultis·
1109 907 1298 960 illicite
1331 905 1591 978 occupare
1625 911 1987 981 praesumpsit.
2065 912 2232 967 Quod

477 992 640 1043 abbas
665 992 905 1055 audienS,
932 1011 1033 1043 nec
1061 993 1439 1061 aequanimiter
1464 993 1749 1064 accipiens,
1770 995 1828 1046 in
1854 996 2003 1048 curia
2026 996 2229 1049 domini
2325 1058 2328 1070 ᾗ

473 1076 613 1145 regis
657 1095 817 1146 super
851 1076 1163 1146 hujusmodi
1200 1077 1471 1129 invasione
1514 1078 1709 1131 iterato
1735 1080 1993 1149 conqueri
2019 1081 2228 1133 statuit.
2292 1076 2329 1123 -Ῐ

476 1160 585 1213 Sed
621 1159 828 1213 Alanus
863 1161 963 1213 hoc
1001 1161 1214 1230 cognito
1250 1162 1545 1231 plurimum
1573 1165 1792 1228 veritUS‚
1827 1183 1924 1234 per
1969 1165 2225 1234 quosdam

472 1246 652 1315 magni
695 1246 926 1298 nominis
958 1246 1098 1299 viros
1141 1247 1390 1299 abbatem
1430 1248 1579 1310 adiit,
1612 1249 1824 1318 sibique
1864 1249 2134 1319 indulgeri
2172 1258 2229 1302 et

435 1342 443 1348 '
472 1331 619 1400 parci
659 1331 972 1400 suppliciter
1009 1331 1319 1400 postulavit.
1396 1332 1612 1401 Magnis
1654 1334 1781 1385 viris
1829 1334 1937 1386 illis
1979 1334 2228 1403 diligenti

194 2380 268 2412 The
283 2381 353 2413 zeal
368 2381 406 2413 of

193 2422 310 2455 Abbot
326 2423 422 2455 Wal-

193 2468 247 2496 ter
261 2463 298 2496 in
317 2475 411 2497 reco-

192 2506 311 2547 vering
331 2507 390 2539 the

191 2547 303 2588 rights
318 2548 356 2580 of

191 2589 247 2621 his
265 2589 393 2631 Abbey.

474 1434 595 1467 cum
634 1415 891 1466 instantia
922 1434 1020 1484 pro
1052 1416 1115 1467 eo
1151 1416 1637 1469 intervenientibus
1664 1427 1719 1469 et
1745 1418 1961 1487 dignam
1998 1419 2063 1471 de
2088 1435 2227 1488 prae-

472 1500 777 1569 sumptione
812 1499 1230 1551 satisfactionem
1269 1501 1711 1570 promittentibus
1751 1503 1915 1554 abbas
1938 1503 2112 1556 victus
2139 1522 2228 1566 eo·
2269 1543 2271 1546 ι
2318 1543 2319 1546 ¹

470 1603 591 1635 rum
634 1584 884 1654 precibus
927 1583 1269 1653 importunis,
1314 1585 1381 1636 ad
1431 1593 1643 1654 tempus
1689 1587 1946 1655 conqueri
1995 1587 2223 1652 distulit,

468 1668 652 1720 volens
698 1668 1172 1721 intervenientium
1215 1668 1573 1737 petitionibus
1627 1670 1968 1740 aliquatenus
2018 1671 2226 1723 satisfa-

469 1772 605 1816 cere,
633 1761 688 1804 et
723 1751 888 1804 Alani
928 1753 1242 1822 promissam
1281 1753 1698 1806 satisfactionem
1741 1755 1938 1807 certius
1976 1757 2221 1825 probare.

468 1837 677 1890 Verum
713 1839 827 1907 jam
860 1837 1173 1889 imminente
1199 1837 1493 1889 vocationis
1524 1857 1636 1890 suae
1670 1847 1913 1909 tempore
1952 1858 2060 1909 quo
2094 1841 2222 1893 vitae

465 1922 722 1991 praesenti
756 1922 1044 1975 tenebatur
1075 1922 1405 1987 renuntiare,
1432 1923 1742 1976 nullatenus
1780 1925 1838 1975 in
1869 1924 1970 1976 hoc
2004 1925 2222 1994 negotio

465 2008 607 2060 ultra
631 2007 907 2077 processit,
934 2007 1077 2059 unde
1105 2014 1160 2057 et
1186 2006 1395 2059 Alanus
1417 2008 1475 2059 in
1500 2008 1650 2060 nullo
1675 2008 2024 2073 satisfacienS,
2051 2010 2222 2080 ipsam

466 2093 743 2145 ecclesiam
770 2093 835 2144 de
863 2092 1159 2144 Brantham
1189 2093 1382 2144 abbate
1422 2093 1676 2144 defuncto
1702 2112 1798 2162 per
1823 2093 2032 2163 aliquot
2056 2113 2222 2147 annos

464 2177 682 2247 propria
704 2176 876 2228 fretus
902 2176 1220 2229 auctoritate
1242 2195 1363 2228 cum
1389 2177 1656 2230 fructibus
1683 2197 1752 2229 ex
1780 2197 1841 2230 ea
1862 2180 2225 2248 provenienti-

464 2263 566 2314 bus
591 2261 848 2331 possedit.

538 2346 840 2415 Hucusque
879 2346 944 2397 de
981 2345 1256 2399 laboribus
1296 2354 1352 2397 et
1385 2346 1840 2400 sollicitudinibus
1872 2348 1973 2400 viri
2001 2367 2220 2401 venera-

462 2431 587 2483 bilis
613 2431 821 2483 abbatis
847 2430 1118 2495 Walterii,
1150 2432 1348 2501 quibus
1374 2441 1485 2484 tam
1511 2432 1757 2484 ecclesias
1786 2452 1946 2502 quam
1974 2442 2029 2485 et
2053 2442 2220 2487 terras

461 2516 661 2586 injuste
706 2516 963 2568 alienatas
1032 2517 1240 2569 studuit
1311 2536 1576 2581 revocare,
1629 2518 1860 2570 sufficiat
1910 2519 2218 2571 summatim

460 2620 630 2670 pauca
655 2601 875 2664 dixisse,
906 2601 1108 2670 quippe
1150 2620 1274 2653 cum
1307 2601 1486 2653 omnia
1524 2610 1588 2653 ut
1621 2610 1773 2654 erant
1795 2602 2009 2671 plenius
2035 2603 2216 2674 expri-

459 2704 620 2748 mere,
648 2685 827 2754 magni
864 2685 1135 2737 videretur
1174 2685 1350 2755 operis
1389 2694 1444 2737 et
1480 2686 1678 2738 laboris
1716 2705 1847 2739 esse.
1924 2687 2101 2740 Decet
2138 2680 2218 2740 ta-

459 2787 583 2820 men
607 2769 708 2821 hoc
746 2769 1063 2821 omnimodis
1099 2770 1338 2821 breviter
1374 2770 1625 2834 inserere,
1655 2772 1802 2838 quod
1825 2771 1930 2822 nisi
1967 2764 2216 2824 in'eccle-

462 2853 663 2906 siarum
702 2854 964 2905 dotalium
1006 2854 1215 2905 virilius
1276 2854 1708 2923 prudentiusque
1747 2854 2034 2907 institisset
2067 2875 2218 2908 revo-

458 2938 740 3002 cationem,
768 2938 1010 3007 profecto
1042 2939 1134 3007 jus
1161 2957 1316 2990 omne
1354 2939 1660 2990 monasterii
1698 2940 1867 2991 sancti
1893 2939 2122 2991 Martini
2148 2941 2214 2992 de

459 3022 615 3074 Bello
642 3023 789 3092 quod
813 3023 870 3073 in
897 3022 1025 3091 ipsis
1063 3023 1130 3073 ab
1168 3022 1393 3091 antiquo
1426 3022 1676 3085 habebat,
1705 3024 1905 3092 absque
1934 3043 2025 3092 spe
2062 3043 2217 3078 recu-

454 3107 747 3176 perationis
783 3107 1000 3176 penitus
1039 3106 1347 3176 deperisset.
1425 3106 1635 3158 Milites
1672 3126 1903 3176 namque
1931 3109 2025 3177 qui
2056 3108 2216 3178 largi-

456 3191 603 3242 tione
637 3210 827 3260 regum
854 3191 949 3260 qui
974 3191 1254 3242 Willelmo
1295 3190 1409 3258 regi
1451 3191 1684 3242 secundo
1724 3191 1780 3242 in
1832 3210 2058 3260 regnum
2097 3211 2214 3245 suc-

456 3284 739 3340 cesserant,
790 3276 942 3327 villas
994 3284 1049 3326 et
1097 3275 1333 3327 maneria
1377 3275 1434 3325 in
1479 3294 1710 3343 quorum
1753 3277 2035 3329 territoriis
2078 3278 2210 3347 ipsae

456 3361 694 3413 ecclesiae
735 3361 854 3413 sitae
878 3360 1130 3412 videntur
1161 3367 1288 3411 sunt
1320 3360 1518 3428 adepti,
1540 3361 1632 3429 jus
1664 3360 1765 3412 sibi
1803 3369 2118 3429 patronatus
2152 3361 2210 3413 in

454 3445 585 3514 ipsis
624 3445 857 3497 ecclesiis
897 3441 1269 3507 vendicantes,¹
1311 3443 1454 3494 villae
1496 3444 1787 3513 cujuslibet
1830 3455 1991 3514 caput
2041 3446 2206 3497 eccle-

455 3530 586 3580 siam
624 3530 759 3582 inibi
791 3530 947 3582 sitam
982 3547 1094 3581 esse
1136 3529 1401 3591 dicebant,
1431 3528 1614 3597 sicque
1655 3547 1718 3579 eo
1753 3529 1870 3598 ipso
1898 3549 2005 3600 quo
2045 3539 2207 3601 caput

835 3635 845 3659 ¹
881 3632 960 3675 See
987 3633 1179 3676 Kennett
1201 3647 1255 3675 on
1280 3632 1642 3689 Impropriations‚
1664 3647 1704 3691 p.
1730 3633 1799 3678 17.
