2398 4152
164 1255 276 1286 Graut
292 1253 332 1286 of

164 1295 358 1334 Prunhelle,

162 1346 244 1368 near
258 1336 356 1368 Win-

165 1378 311 1410 chelsea.

166 2940 275 2970 Grant
294 2937 332 2970 of

162 2985 230 3012 two
251 2980 333 3011 salt-

432 429 500 479 54
895 440 1173 481 HISTORIA
1216 438 1628 480 FUNDATlole

431 572 487 615 et
514 563 820 631 Bregeselle
860 564 1141 626 vocitatur,
1177 582 1208 614 a
1246 562 1417 614 milite
1445 562 1678 630 quodam
1702 559 1961 613 Anselmo
1987 579 2181 629 cogno-

428 654 608 698 mento
653 647 717 698 de
758 647 1056 710 Fraelvilla,
1085 655 1291 698 remota
1332 646 1477 698 omni
1515 646 1572 697 in
1611 653 1887 715 posterum
1922 644 2181 696 heredum

430 749 648 782 suorum
690 731 968 783 calumnia.
1046 731 1170 800 Ipse
1212 731 1374 782 etiam
1399 730 1690 782 Anselmus
1716 730 1892 782 eidem
1915 729 2033 781 loco
2058 746 2181 779 con-

430 814 558 865 tulit
598 834 697 884 pro
737 816 928 867 animae
973 834 1085 867 suae
1130 823 1186 866 et
1224 833 1441 867 suorum
1484 814 1655 866 salute
1680 822 1876 866 terram
1915 812 2182 882 quandam

430 900 497 950 ad
546 898 737 950 salinas
786 900 1073 963 faciendaS,
1117 908 1172 951 et
1205 918 1368 951 unam
1406 918 1580 951 acram
1611 898 1771 968 prati,
1816 898 2180 966 decimamque

430 991 599 1034 totam
637 983 780 1035 villae
818 1003 930 1036 suae
974 983 1129 1036 Glesi
1177 991 1398 1047 vocatae,
1450 983 1632 1045 omnia
1688 982 1806 1034 haec
1855 980 2179 1033 concedente

432 1068 649 1136 Rogero
681 1068 794 1120 filio
837 1070 971 1138 erS,
1013 1076 1232 1138 accepto
1272 1087 1370 1137 pro
1406 1068 1505 1120 hac
1545 1067 1882 1120 concessione
1919 1084 2029 1118 uno
2053 1083 2181 1117 cane

434 1170 593 1220 quem
617 1153 915 1221 requisivit.

507 1235 621 1287 Sub
669 1236 838 1288 isdem
875 1256 1091 1306 quoque
1136 1237 1342 1299 diebus,
1380 1235 1507 1305 quia
1548 1235 2000 1305 pernecessarium
2038 1233 2184 1285 vide-

430 1321 590 1372 batur
614 1340 740 1389 erga
761 1322 1024 1373 baronum
1047 1321 1193 1372 illius
1216 1321 1523 1390 provinciae,
1553 1321 1821 1389 quendam
1845 1318 2184 1372 Willelmum

432 1404 636 1456 scilicet
662 1406 727 1457 de
771 1405 968 1457 Sancto
1011 1405 1383 1474 Leodegario,¹
1419 1414 1645 1474 egerunt
1669 1405 1910 1474 ejusdem
1940 1404 2047 1455 loci
2070 1421 2185 1454 mo-

431 1491 588 1543 nachi
612 1510 733 1543 cum
751 1493 944 1544 abbate
970 1492 1225 1554 Radulfo,
1255 1492 1401 1560 quod
1437 1491 1552 1560 ipse
1588 1490 1665 1541 eis
1705 1488 2029 1540 hereditario
2059 1490 2183 1558 jure

432 1576 692 1627 concessit
716 1584 912 1628 terram
946 1594 1096 1628 suam
1123 1575 1413 1627 Prunhelle
1453 1575 1666 1638 dictam,
1695 1592 1819 1643 quae
1858 1574 2001 1625 ultra
2023 1572 2183 1625 Win—

431 1661 671 1723 celeseie,
711 1679 879 1730 prope
913 1661 1212 1712 manerium
1246 1660 1487 1730 ejusdem
1523 1658 1761 1711 ecclesiae
1799 1656 2183 1726 Dengemareis

430 1753 676 1797 vocatum
715 1744 817 1796 sita
842 1753 972 1808 erat,
1000 1764 1063 1796 eo
1095 1753 1273 1796 tamen
1308 1752 1484 1813 pacto,
1519 1745 1666 1812 quod
1701 1744 1806 1813 ipsi
1841 1742 2185 1794 medietatem

428 1830 687 1892 redditus,
714 1829 918 1881 scilicet
955 1829 1115 1880 xxiii.
1161 1829 1356 1880 solidos
1390 1830 1459 1880 ad
1494 1829 1694 1880 festum
1732 1827 1901 1880 sancti
1925 1827 1960 1879 J
1962 1826 2185 1879 ohannis

430 1914 713 1983 Baptistae,
735 1922 791 1965 et
814 1913 1158 1965 medietatem
1183 1914 1250 1964 ad
1273 1913 1473 1965 festum
1487 1913 1655 1965 sancti
1680 1911 1915 1964 Andreae
1932 1911 2183 1981 Apostoli

428 1998 509 2048 illi
533 1998 910 2067 persolverent.
988 1997 1095 2049 Pro
1113 1998 1211 2049 hac
1233 1998 1479 2066 pactione
1506 1998 1655 2049 dedit
1678 1997 1760 2048 illi
1786 1998 1948 2049 abbas
1974 1997 2183 2050 Radul-

427 2082 514 2133 fus
540 2101 741 2151 equum
783 2101 951 2133 unum
993 2082 1057 2132 de
1089 2082 1295 2133 duabus
1328 2082 1533 2144 marcis,
1575 2090 1631 2133 et
1654 2082 1967 2151 perdonavit
1992 2082 2043 2134 ei
2066 2082 2178 2135 viii.

428 2167 623 2217 solidos
662 2174 717 2217 et
754 2167 825 2219 vi.
852 2166 1094 2218 denarios
1121 2185 1255 2234 quos
1295 2166 1344 2217 ei
1389 2166 1634 2230 debebat,
1674 2175 1738 2218 ut
1778 2167 1836 2218 in
1860 2175 2181 2236 perpetuum

427 2251 596 2302 libere
632 2258 828 2301 terram
854 2251 1077 2301 eandem
1104 2250 1325 2302 ecclesia
1349 2251 1550 2318 absque
1578 2251 1844 2302 calumnia
1866 2251 2180 2320 possideret.

430 2334 625 2386 Postea
669 2335 884 2404 quidam
917 2335 1177 2385 heredum
1221 2335 1477 2404 ejusdem,
1524 2334 1905 2387 Clarenbaldus
1947 2336 2180 2400 nomine,

427 2420 523 2470 xii.
552 2420 794 2470 denarios
820 2420 884 2470 de
910 2419 1096 2470 eodem
1120 2419 1336 2470 redditu
1353 2419 1589 2470 ecclesiae
1614 2419 1671 2470 in
1697 2420 2036 2471 elemosinam
2058 2440 2184 2472 con-

429 2503 660 2555 donavit.
740 2502 1092 2554 Postmodum
1120 2520 1335 2571 quoque
1360 2522 1457 2572 pro
1483 2504 1658 2554 anima
1681 2504 1827 2556 illius
1846 2504 2182 2557 Clarenbaldi

427 2587 628 2638 residui
646 2588 751 2638 duo
778 2587 933 2638 solidi
961 2587 1206 2638 similiter
1230 2588 1512 2639 condonati
1538 2597 1680 2652 sunt,
1709 2598 1771 2641 ut
1794 2608 1850 2641 x.
1877 2589 2001 2640 inde
2028 2590 2185 2642 solidi

430 2672 497 2722 ad
521 2671 719 2722 festum
758 2671 925 2723 sancti
951 2671 1227 2735 Johannis,
1276 2681 1330 2723 et
1355 2691 1411 2723 x.
1440 2673 1629 2724 itidem
1672 2674 1739 2724 ad
1778 2674 1976 2725 festum
2015 2676 2183 2727 sancti

432 2754 669 2806 Andreae
705 2763 932 2818 tantum,
977 2757 1120 2824 apud.
1157 2756 1299 2807 Belli
1340 2757 1557 2821 curiam,
1594 2758 1697 2827 ipsi
1732 2759 1826 2826 qui
1860 2759 2181 2811 hereditario

423 2839 546 2907 J‘ure
573 2839 927 2903 successisset,
957 2840 1101 2890 omni
1127 2849 1330 2891 remota
1355 2841 1617 2893 calumnia
1640 2843 2111 2911 persolveremus-‚2

505 2923 779 2975 Osbernus
820 2924 981 2975 etiam
1022 2924 1166 2975 filius
1207 2924 1373 2976 Isiliae
1419 2926 1637 2993 quidam
1680 2946 1751 2978 ex
1787 2927 1973 2979 vicinis
2010 2928 2184 2980 eidem

161 3020 412 3063 pits‚andland
431 3007 667 3058 ecclesiae
705 3008 770 3058 de
805 3007 960 3059 Bello
1000 3009 1129 3059 duas
1171 3009 1362 3060 salinas
1394 3017 1449 3060 et
1478 3018 1672 3061 terram
1707 3011 1775 3062 ad
1810 3012 2025 3064 tertiam
2062 3013 2184 3065 sali-

163 3064 215 3095 for
230 3072 250 3093 a
263 3062 367 3102 third,

162 3108 198 3136 at
214 3106 306 3145 Rye3

163 3242 231 3273 and
246 3241 283 3273 of
295 3252 315 3273 a

189 3284 277 3315 arcel
291 3283 329 3315 of

177 3325 244 3355 and
259 3325 294 3356 in

163 3366 354 3407 Bodyham.

430 3110 553 3142 nam
572 3091 870 3143 faciendam
899 3093 1043 3161 apud
1077 3092 1239 3144 Riam
1268 3113 1366 3163 pro
1401 3094 1576 3145 anima
1596 3113 1691 3145 sua
1717 3103 1772 3146 et
1789 3114 1886 3163 pro
1906 3097 2183 3151 animabus

428 3184 712 3245 parentum
737 3195 955 3227 suorum
980 3185 1087 3228 tam
1111 3178 1351 3230 vivorum
1378 3198 1538 3247 quam
1562 3187 1895 3231 mortuorum
1910 3183 2184 3236 concessit.

504 3260 697 3312 Emma
721 3279 862 3312 uxor
889 3261 1118 3312 Osberni
1145 3262 1209 3313 de
1230 3262 1507 3314 Bodeham
1550 3272 1747 3315 terram
1772 3283 1869 3315 sex
1895 3265 2185 3319 solidorum

430 3344 487 3394 in
535 3345 652 3413 ipso
696 3345 932 3397 manerio
983 3347 1048 3397 de
1088 3347 1378 3411 Bodeham,
1427 3355 1483 3399 et
1530 3366 1699 3400 unum
1746 3349 1804 3400 in
1854 3349 2186 3403 Normannia

490 3454 502 3480 ¹
527 3453 714 3496 Thomas
748 3455 797 3496 of
826 3455 898 3497 the
919 3470 1036 3498 same
1058 3471 1195 3511 name,
1218 3472 1264 3500 as
1405 3458 1422 3484 ‘⁰'
1453 3458 1532 3500 See
1553 3458 1626 3500 the
1663 3458 1827 3501 charter
1848 3459 1891 3501 in
1913 3459 1985 3502 the
2007 3461 2182 3504 Monas-

431 3510 521 3553 also
548 3512 687 3566 Roger
709 3512 760 3553 de
784 3512 1010 3568 Bodiham‚
1033 3514 1133 3556 held
1162 3515 1263 3557 here
1347 3515 1474 3570 ticon,
1497 3516 1751 3573 confirming
1785 3516 1905 3560 these
1925 3527 2081 3575 grants,
2119 3519 2181 3563 iii.

430 3568 523 3609 four
544 3568 732 3624 knights’
769 3570 856 3613 sees
893 3571 1027 3614 under
1054 3572 1154 3614 Earl
1179 3572 1261 3616 Eu.
1348 3576 1449 3618 246.
1474 3574 1555 3618 Ed.
1581 3576 1706 3619 1846.

432 3625 526 3668 Lib.
558 3625 664 3682 Nig.
687 3629 757 3669 66.
1302 3665 1304 3673 .
