2398 4152
501 459 570 518 74
1012 473 1294 515 HISTORIA
1338 472 1750 514 FUNDATIONIS

495 608 698 652 trarum
741 598 1084 651 ecclesiarum
1124 605 1293 648 cartas
1334 595 1548 665 quaerit,
1587 603 1651 648 ut
1691 614 1816 665 quae
1852 596 2111 651 hactenus
2129 599 2252 669 jure

492 684 745 736 canonico
788 684 1039 735 videntur
1080 681 1396 751 possedisse,
1443 681 1559 750 ejus
1603 680 1893 734 calliditate
1926 683 2250 752 praevalente

490 769 710 836 lugeant
735 787 790 819 se
816 767 1070 819 amisisse.
1127 765 1420 817 Prohibeat
1440 765 1625 834 itaque
1650 765 1797 834 regia
1822 766 2053 836 dignitas
2076 776 2252 821 vestra

490 861 554 905 ut
590 853 692 905 hoc
730 853 1037 905 nullatenus
1077 851 1260 920 aliqua
1302 850 1647 902 confirmetur
1686 851 2023 917 auctoritate,
2052 872 2119 905 ne
2155 852 2250 904 alii

489 938 652 1007 hujus
679 937 927 1006 exemplo
955 944 1139 988 contra
1163 935 1440 1005 episcopos
1466 954 1588 987 suos
1614 924 1890 1005 insurgere
1915 929 2258 989 videantur.”'

490 1022 618 1074 Rex
651 1041 776 1074 vero
813 1021 1075 1091 praecepit
1099 1028 1298 1072 cartam
1323 1020 1531 1072 abbatis
1555 1020 1702 1090 regio
1729 1021 2027 1073 confirmari
2052 1022 2247 1091 sigillo,

488 1115 545 1159 et
584 1107 775 1159 deinde
817 1107 1129 1177 episcopum
1170 1115 1226 1157 et
1268 1106 1517 1157 abbatem
1560 1105 1830 1175 simulque
1874 1106 2247 1159 cancellarium

487 1211 663 1244 coram
688 1192 1085 1262 archiepiscopo
1112 1191 1411 1255 convenire,
1438 1191 1685 1260 lectaque
1706 1200 1849 1243 carta
1874 1192 2102 1255 abbatis,
2136 1192 2245 1244 illis

485 1277 849 1341 audientibus,
900 1277 945 1329 si
996 1296 1102 1346 qua
1151 1276 1461 1344 corrigenda
1521 1284 1716 1339 essent,
1788 1295 1975 1328 eorum
2024 1277 2245 1329 consilio

484 1362 893 1430 corrigerentur,
933 1362 1115 1431 sicque
1155 1361 1213 1413 in
1245 1379 1373 1430 pace
1400 1380 1522 1412 cum
1549 1370 1693 1412 carta
1718 1380 1813 1412 sua
1837 1362 2001 1413 abbas
2026 1362 2246 1414 domum

482 1448 698 1500 rediret.
777 1448 941 1502 Quod
958 1447 1002 1499 si
1037 1447 1304 1498 sententia
1330 1446 1662 1498 discordante
1690 1446 2071 1511 discessissent,
2099 1456 2245 1500 carta

482 1533 690 1584 abbatis
725 1532 783 1584 in
818 1533 1021 1601 capella
1062 1533 1201 1601 regis
1233 1551 1264 1582 a
1299 1532 1613 1583 cancellario
1659 1532 2036 1596 custodiretur,
2074 1533 2241 1586 donec

481 1617 746 1669 sententia
783 1618 923 1686 regis
975 1617 1107 1686 quid
1152 1617 1277 1667 inde
1312 1616 1467 1667 fieret
1504 1616 1845 1668 discerneret.
1922 1616 2241 1670 Percantato

477 1702 662 1770 itaque
687 1702 864 1754 missae
892 1720 1091 1753 canone
1129 1719 1301 1769 usque
1329 1701 1398 1752 ad
1436 1704 1471 1728 “
1499 1700 1619 1752 Pax
1645 1700 1921 1765 Domini,”
1957 1702 2241 1772 episcopus

476 1794 540 1837 ut
564 1786 725 1838 moris
752 1795 834 1838 est
856 1804 986 1855 pace
1013 1805 1044 1837 a
1069 1786 1339 1836 sacerdote
1361 1794 1576 1854 accepta
1599 1785 1714 1854 regi
1740 1786 1952 1850 detulit,
1972 1795 2028 1839 et
2047 1787 2240 1840 deinde

474 1871 657 1922 abbati
699 1871 884 1923 multis
924 1870 1218 1940 plurimum
1256 1870 1576 1922 mirantibus
1616 1871 1879 1939 porrexit.
1965 1871 2237 1943 Episcopo

472 1955 640 2023 igitur
660 1964 715 2007 et
740 1956 933 2007 abbate
961 1955 1228 2024 simulque
1255 1954 1566 2006 cancellario
1593 1955 1888 2024 multisque
1915 1956 2034 2008 aliis
2060 1976 2236 2010 coram

469 2036 867 2106 archiepiscopo
914 2037 1058 2105 apud
1112 2036 1427 2088 Lametham
1471 2037 1932 2101 convenientibus,
1987 2038 2234 2108 lectaque

469 2129 613 2173 carta
659 2121 839 2190 magni
878 2121 1145 2173 Willelmi
1184 2121 1342 2190 regis,
1389 2121 1640 2190 exemplo
1682 2123 1834 2191 cujus
1880 2141 2062 2174 omnes
2112 2124 2233 2175 aliae

469 2214 630 2257 cartae
655 2225 841 2275 regum
869 2206 1211 2274 sequentium
1237 2205 1563 2257 confirmatae
1591 2214 1735 2270 sunt,
1781 2206 1877 2257 ubi
1903 2216 2125 2260 ventum
2152 2218 2234 2262 est

468 2291 535 2341 ad
562 2291 830 2359 quoddam
854 2290 1078 2342 verbum
1105 2291 1248 2359 quod
1273 2290 1331 2340 in
1357 2290 1540 2341 eadem
1570 2290 1876 2342 continetur
1902 2300 2062 2356 carta,
2084 2294 2231 2363 quod

467 2375 689 2426 ecclesia
714 2375 917 2426 scilicet
941 2376 1005 2427 de
1037 2375 1193 2426 Bello
1219 2375 1390 2426 libera
1415 2375 1485 2426 sit
1511 2376 1728 2426 omnino
1754 2376 1820 2427 ab
1848 2376 1993 2428 omni
2019 2379 2230 2448 subjec-

465 2460 611 2512 tione
638 2460 1027 2530 episcoporum,
1049 2460 1189 2512 sicut
1215 2460 1438 2511 ecclesia
1460 2459 1661 2512 Christi
1681 2459 2006 2526 Cantuariae,
2031 2463 2229 2516 clamor

464 2545 706 2614 undique
768 2545 1055 2608 attollitur,
1109 2543 1431 2614 quibusdam
1473 2546 1832 2598 asserentibus
1881 2547 1982 2599 hoc
2043 2557 2228 2601 contra

465 2649 729 2682 canonum
768 2631 1018 2682 instituta
1062 2630 1327 2693 extitisse,
1374 2630 1494 2681 aliis
1537 2630 1840 2682 dicentibus
1889 2631 1991 2683 hoc
2041 2642 2227 2685 contra

463 2716 750 2784 dignitates
780 2715 1180 2767 Cantuariensis
1206 2715 1446 2767 ecclesiae
1473 2715 1658 2778 fuisse,
1686 2716 1960 2769 nonnullis
1996 2717 2225 2770 nimium

462 2801 813 2852 clamantibus
852 2800 953 2851 hoc
978 2801 1201 2851 verbum
1226 2801 1652 2870 peremptorium
1677 2821 1807 2866 esse,
1849 2802 2035 2854 multis
2061 2802 2223 2854 etiam

458 2884 559 2936 hoc
600 2885 755 2936 aliter
781 2885 1114 2954 objurgando
1138 2885 1637 2954 interpretantibus,
1682 2886 1808 2937 hinc
1848 2886 1973 2938 inde
2001 2887 2223 2939 confusa

456 2970 826 3038 perstrepebat
872 2970 1153 3022 sententia.
1234 2968 1393 3020 Carta
1455 2969 1708 3038 perlecta,
1760 2989 1883 3022 cum
1945 2973 2220 3025 neminem

456 3055 908 3123 praedecessorum
948 3073 1167 3106 suorum
1207 3053 1579 3123 episcoporum
1633 3054 1893 3122 praefatus
1941 3055 2217 3112 Cicestriae

458 3138 739 3208 episcopus
768 3138 1012 3190 Hilarius
1053 3139 1111 3190 in
1153 3138 1468 3207 subscriptis
1496 3139 1738 3208 ejusdem
1763 3147 1924 3191 cartae
1952 3139 2218 3194 inveniret

455 3224 704 3287 testibus,
742 3224 1288 3293 praecellentissimam
1323 3224 1485 3293 hujus
1510 3224 1659 3275 verbi
1704 3223 2022 3292 dignitatem
2046 3244 2218 3278 sacro-

453 3328 574 3360 rum
623 3328 887 3360 canonum
934 3309 989 3360 in
1016 3317 1342 3378 perpetuum
1390 3308 1707 3360 auctoritate
1757 3309 2124 3373 damnandam,
2162 3319 2220 3362 et

454 3395 803 3462 praesentium
823 3394 984 3446 simul
1002 3394 1250 3464 judicum
1267 3393 1668 3445 confirmatione
1688 3393 1897 3445 censuit
1918 3394 2212 3447 delendam.

459 3477 643 3546 Hujus
684 3479 1004 3530 sententiam
1030 3497 1246 3531 concors
1273 3479 1434 3529 etiam
1459 3478 1842 3547 archiepiscopi
1869 3479 2219 3532 conclamatio

457 3571 738 3630 prosecuta
778 3572 873 3616 est.
952 3563 1168 3616 Abbate
1201 3582 1326 3615 vero
1369 3564 1606 3633 quamvis
1644 3564 2034 3615 rationabiliter
2058 3564 2214 3616 resis-

458 3655 621 3710 tente,
648 3667 756 3699 non
782 3656 959 3700 tamen
984 3649 1200 3701 illorum
1236 3649 1443 3717 quievit
1470 3648 1772 3702 commotio.
1853 3649 2212 3702 Cancellarius
