2398 4152
219 1392 371 1426 Thomas
386 1394 447 1427 the

217 1435 418 1469 Chaneellor

220 1475 364 1509 delivers

214 1517 304 1550 their
321 1518 425 1562 judg-

219 1564 326 1592 ment.

498 467 567 519 98
989 479 1271 522 HISTORIA
1315 481 1668 522 FUNDA'rIoN
1676 481 1729 523 rs

495 615 787 668 titudinem
825 633 934 667 non
970 616 1250 680 modicam,
1278 632 1400 668 cum
1424 617 1587 670 fratre
1628 637 1726 672 suo
1759 618 1970 684 abbate,
2003 611 2252 671 omnibus

493 699 578 752 his
615 700 720 751 sibi
757 699 1170 766 cohaerentibuS,
1209 701 1268 753 in
1304 720 1467 754 unam
1505 702 1729 772 capituli
1765 712 1973 773 partem
2016 705 2248 768 secessit,

494 792 659 853 atque
685 803 844 854 super
868 785 951 837 his
977 804 1159 838 eorum
1188 787 1508 839 sententiam
1532 787 1844 857 perquirere
1871 788 2055 858 coepit.
2120 789 2251 843 Rex

494 869 709 921 missam
748 869 966 921 interim
991 871 1273 923 auditurus
1299 872 1577 924 ecclesiam
1601 872 1753 936 adiit,
1794 873 2101 942 iterumque
2127 881 2251 943 post

493 954 707 1006 missam
745 954 948 1007 ibidem
981 955 1193 1008 rediens
1227 958 1285 1008 in
1319 957 1444 1009 sede
1485 977 1581 1009 sua
1603 957 1818 1010 resedit.
1893 958 2159 1010 Ricardus
2184 957 2250 1008 de

494 1039 634 1091 Luci
658 1058 780 1091 cum
814 1040 1006 1092 abbate
1032 1050 1087 1093 et
1112 1041 1359 1093 omnibus
1384 1041 1485 1094 sibi
1519 1043 1725 1112 junctis
1752 1043 1978 1095 consilio
2015 1060 2250 1094 commu-

492 1124 671 1176 nicato
711 1124 889 1189 rediit,
934 1125 1297 1195 impositoque
1341 1127 1699 1196 responsionis
1743 1146 1983 1180 sermone
2024 1127 2249 1180 Thomae

494 1209 807 1262 cancellario
845 1210 1002 1279 regiS,
1055 1211 1303 1264 omnibus
1329 1212 1692 1277 audientibUS,
1735 1213 1966 1265 facunda
2007 1212 2246 1264 oratione

491 1294 593 1347 hoc
619 1295 780 1346 modo
806 1295 951 1347 idem
973 1314 1290 1366 responsum
1314 1297 1551 1349 reddidit
1570 1297 1745 1350 heros,

565 1382 600 1407 “
619 1379 735 1431 Diu
754 1388 907 1448 pater
922 1381 1210 1432 reverende
1232 1381 1407 1433 Hilari
1427 1369 1742 1450 quaestionis
1763 1401 1794 1434 a
1817 1390 1990 1435 vestra
2013 1382 2250 1452 pruden-

491 1464 567 1516 tia
617 1464 820 1516 habitae
888 1465 1079 1517 seriem
1126 1474 1456 1530 retexenteS,
1506 1476 1651 1518 certa
1699 1467 1973 1536 aequitatis
2021 1467 2247 1530 ratione,

490 1549 651 1601 certis
703 1549 866 1601 etiam
923 1568 1210 1619 procerum
1252 1551 1602 1620 praesentium
1649 1551 1930 1620 suffragiis,
1991 1552 2252 1604 nonnulla

488 1633 687 1685 referre
745 1634 1092 1687 decrevimus,
1187 1635 1439 1704 Inprimis
1502 1636 1672 1705 igitur
1718 1636 2035 1690 venerabilis
2083 1638 2247 1689 abbas

489 1717 766 1770 Gauterus
813 1726 990 1788 grates
1026 1727 1218 1771 vestrae
1261 1721 1567 1789 prudentiae
1610 1721 2032 1790 quammaximas
2059 1721 2244 1786 refert,

487 1805 634 1873 quod
657 1824 755 1874 pro
779 1805 1057 1857 beneficiis
1082 1806 1232 1858 vobis
1257 1807 1324 1858 ab
1350 1807 1540 1859 eodem
1565 1807 1789 1872 collatis,
1834 1807 1989 1859 illum
2012 1806 2070 1859 in
2094 1815 2246 1859 tanta

484 1897 721 1960 tamque,
750 1898 815 1942 ut
837 1890 926 1942 1110
950 1909 1094 1943 nunc
1122 1899 1347 1955 constat,
1375 1892 1522 1944 curia
1547 1892 1844 1962 magnifica,
1885 1892 2243 1962 praesentibus

484 1974 647 2026 etiam
671 1975 835 2027 tantis
870 1984 1088 2045 tamque
1127 1976 1254 2028 viris
1297 1977 1590 2042 nobilibus,
1632 1978 1913 2046 magnifica
1944 1977 2103 2030 laude
2147 1996 2244 2029 ex-

483 2059 689 2113 tollitis.
768 2060 933 2116 Quod
973 2061 1018 2112 si
1056 2061 1164 2112 illis
1199 2062 1533 2131 temporibus
1572 2062 1630 2114 in
1655 2070 1805 2115 tanta
1836 2070 2055 2132 tamque
2095 2062 2243 2115 curia

482 2145 772 2198 excellenti
797 2146 901 2198 sibi
933 2146 1052 2211 1100,
1080 2154 1190 2198 tam
1228 2147 1480 2199 maximae
1519 2147 1690 2201 laudis
1729 2148 2048 2200 extollentia
2082 2147 2242 2217 inpu-

482 2231 705 2282 tandum
744 2238 999 2300 speraret,
1042 2230 1287 2301 profecto
1330 2239 1394 2283 ut
1417 2231 1621 2284 fatetur
1659 2232 1982 2284 beneficium
2012 2231 2239 2302 amplifi-

481 2323 642 2367 caret.
717 2315 927 2369 Verum
962 2316 1086 2368 inde
1113 2335 1274 2385 quam
1299 2316 1536 2368 maximo
1562 2317 1743 2369 dolore
1769 2317 2067 2381 conficitur,
2096 2317 2243 2387 quod

480 2419 578 2469 pro
602 2400 866 2452 beneficio
892 2401 958 2452 ab
985 2419 1048 2452 eo
1073 2401 1307 2471 benigna
1332 2401 1496 2453 animi
1522 2402 1806 2454 devotione
1845 2402 1998 2454 vobis
2024 2401 2235 2466 collato,

481 2494 545 2536 ut
569 2485 819 2537 omnibus
857 2485 945 2538 hic
982 2486 1342 2555 praesentibus
1385 2494 1574 2556 patens
1614 2496 1712 2552 est,
1749 2487 1863 2540 vice
1889 2506 2039 2540 versa
2077 2506 2238 2539 vene-

481 2570 602 2623 ficia
649 2571 730 2622 illi
774 2571 918 2623 omni
960 2571 1155 2622 mentis
1181 2572 1373 2623 annisu
1411 2572 1702 2642 rependere
1739 2572 1994 2642 satagitiS.
2073 2571 2237 2624 Nunc

481 2656 649 2724 igitur
673 2664 858 2708 contra
883 2656 985 2708 sibi
1012 2656 1222 2726 objecta
1244 2656 1345 2709 hoc
1370 2657 1528 2709 modo
1553 2676 1869 2728 responsum
1892 2657 2076 2710 refert.

557 2743 592 2768 “
616 2739 673 2792 Si
695 2740 1038 2793 Cantuariam
1055 2749 1243 2810 petens
1261 2742 1319 2793 in
1345 2742 1637 2794 sacratione
1650 2750 1825 2795 vestra
1839 2760 2074 2812 praesens
2096 2741 2238 2793 exti-

483 2825 629 2889 tisse,
672 2834 727 2877 et
760 2833 882 2895 post
906 2826 1052 2896 apud
1079 2824 1392 2878 Cicestriam
1425 2827 1576 2879 vobis
1602 2827 1791 2880 obvius
1825 2827 1883 2879 in
1918 2827 2039 2879 sede
2063 2834 2239 2879 vestra

483 2910 847 2980 sollempniter
886 2929 978 2962 vos
1020 2910 1321 2975 collocasse,
1366 2930 1575 2963 necnon
1623 2919 1680 2963 et
1721 2912 1778 2964 in
1822 2913 2026 2981 synodo
2068 2919 2242 2963 vestra

483 2996 739 3049 resedisse
779 3014 901 3048 cum
942 2995 1132 3048 ceteris
1159 2996 1554 3066 comprobatur,
1598 2996 1861 3065 dignitate
1904 3005 1960 3048 et
1988 2997 2236 3049 libertate

485 3082 724 3134 ecclesiae
751 3100 862 3134 suae
891 3081 956 3133 de
983 3080 1157 3144 Bello,
1200 3088 1337 3132 teste
1379 3080 1539 3133 etiam
1560 3089 1711 3133 >carta
1732 3100 1828 3133 sua
1860 3081 1946 3133 hic
1982 3082 2237 3151 perlecta,

482 3167 803 3220 utrumlibet
828 3166 929 3219 sibi
954 3173 1049 3218 aut
1071 3165 1258 3217 fecisse
1283 3165 1411 3217 licet
1451 3165 1644 3217 horum
1667 3165 1752 3218 vel
1788 3166 2006 3218 minime
2047 3166 2234 3235 egisse.

483 3253 679 3322 Neque
707 3252 850 3303 enim
888 3250 1102 3303 vinculo
1141 3250 1323 3320 aliquo
1366 3269 1398 3302 a
1435 3250 1604 3315 vobiS,
1639 3259 1703 3302 ut
1725 3250 1841 3302 haec
1866 3250 2042 3320 rigore
2069 3251 2236 3303 eccle-

482 3339 692 3390 siastico
718 3338 1020 3408 persolvere
1070 3337 1280 3400 debeat,
1327 3335 1646 3388 constrictus
1704 3344 1802 3401 est,
1855 3336 2058 3406 quippe
2108 3355 2231 3388 cum

479 3433 673 3476 vestrae
713 3442 823 3474 non
863 3423 1141 3492 subjaceat
1185 3421 1395 3484 ditioni,
1442 3421 1605 3472 immo
1631 3429 1767 3473 teste
1805 3429 1948 3472 carta
1973 3440 2069 3473 sua
2090 3440 2230 3491 prae-

478 3508 620 3559 dicta
658 3508 796 3559 liber
836 3515 916 3559 est
950 3508 1016 3559 ab
1044 3507 1188 3559 omni
1232 3507 1564 3577 subjectione
1589 3514 1778 3559 vestra.
1855 3505 2230 3577 Archiepisco-

475 3610 606 3660 pum
646 3593 807 3645 etiam
846 3593 1122 3645 dominum
1147 3600 1390 3644 nostrum
1418 3591 1852 3644 Cantuariensem
1877 3592 2082 3644 scilicet
2106 3611 2230 3645 con-

475 3685 722 3740 testatur,
773 3678 874 3729 hoc
915 3697 969 3729 se
1019 3677 1137 3746 ipso
1185 3677 1536 3746 praecipiente
1579 3677 1914 3747 perfecisse.”
1976 3676 2068 3730 Ad
2110 3677 2226 3729 haec
