2398 4152
647 435 1008 477 MONASTERH
1052 436 1129 474 DE
1167 435 1367 476 nmmo.
1810 420 1876 475 27

158 558 470 610 definiendae
495 558 804 609 referantur.
871 557 1200 625 ·Habeatque
1221 556 1440 607 ecelesia
1464 557 1628 608 sancti
1657 557 1881 608 Martini

156 642 575 693 emendationem
614 641 980 704 forisfacturae,
1006 640 1377 709 poenitentiam
1420 658 1542 691 vero
1585 649 1760 692 reatus
1797 641 1879 692 sui

155 725 230 776 rei
255 726 321 776 ab
347 724 592 793 episcopo
616 725 926 793 percipiant.

226 806 430 859 Verum
478 807 727 875 quoniam
774 816 900 858 tunc
961 806 1216 873 temporis
1275 806 1445 856 adhuc
1505 805 1710 857 licitum
1770 815 1883 858 erat

158 908 422 959 quemque
465 908 583 941 suas
625 890 880 940 decimas¹
944 907 1050 956 quo
1093 888 1178 939 vel
1226 888 1313 938 cui
1362 888 1522 938 vellet
1568 889 1879 951 attribuere,

159 973 533 1041 quamplurimi
559 991 630 1024 ex
651 973 835 1023 vicinis
859 972 1029 1022 eidem
1055 970 1170 1021 loco
1205 988 1324 1021 suas
1349 971 1575 1022 decimas
1604 972 1727 1039 jure
1764 990 1882 1040 per-

156 1064 320 1124 petuo
379 1056 718 1124 possidendas
769 1055 1098 1122 delegabant.
1191 1052 1348 1103 Unde
1401 1053 1535 1115 illas,
1594 1053 1881 1121 episcopali

158 1138 469 1189 auctoritate
485 1138 831 1200 confirmatas,
845 1136 1079 1188 ecclesiae
1092 1135 1155 1186 de
1170 1135 1322 1186 Bello
1338 1135 1613 1203 hucusque
1630 1136 1878 1204 possidet.

228 1220 313 1271 Eo
337 1220 518 1287 itaque
545 1229 780 1288 tempore
805 1220 861 1270 in
905 1218 1124 1270 ecelesia
1148 1218 1311 1269 sancti
1351 1218 1577 1270 Martini
1617 1219 1682 1269 de
1709 1218 1883 1282 Bello,

159 1303 402 1354 omnibus
427 1303 483 1353 in
509 1310 622 1354 tota
645 1303 803 1371 leuga
826 1301 1297 1365 commanentibUS,
1323 1310 1378 1352 et
1402 1309 1556 1352 extra
1580 1319 1697 1353 eam
1722 1302 1883 1353 etiam

159 1385 559 1453 quamplurimis
596 1386 663 1437 ad
687 1387 907 1437 eandem
930 1384 1260 1454 parrochiam
1283 1384 1694 1452 pertinentibus,
1722 1386 1883 1436 servi-

158 1468 292 1519 tium
326 1468 517 1542 fiebat3
562 1478 779 1537 eratque
824 1469 1042 1519 clericus
1085 1466 1302 1535 quidam
1339 1467 1656 1535 capellanus,
1697 1468 1791 1535 qui
1828 1468 1884 1518 in

157 1551 303 1602 curia
339 1551 713 1602 monachorum
755 1552 948 1619 degens
974 1569 1095 1602 cum
1128 1568 1224 1600 suo
1259 1549 1467 1612 clerico,
1495 1552 1639 1618 quod
1674 1569 1883 1602 necesse

156 1634 386 1685 habebat
408 1633 531 1685 inde
568 1635 827 1696 sumebat,
854 1643 910 1685 et
952 1635 1017 1685 de
1059 1633 1142 1684 his
1177 1649 1299 1700 quae
1335 1634 1402 1684 ad
1429 1634 1884 1685 Christianitatem

156 1716 494 1786 pertinebant
518 1718 616 1768 sub
641 1718 846 1769 abbatis
882 1716 1104 1785 imperio
1141 1716 1498 1784 parrochianis
1534 1717 1883 1780 ministrabat,

156 1809 469 1868 cunctaeque
495 1800 788 1851 oblationes
814 1809 868 1851 et
893 1800 1111 1851 decimae
1137 1808 1192 1850 et
1216 1799 1473 1850 beneficia
1512 1800 1746 1851 ecclesiae
1782 1799 1884 1867 ipsi

157 1885 354 1951 absque
380 1884 641 1935 calumnia
663 1885 962 1935 manebant.

228 1967 494 2018 Praeterea
516 1968 631 2035 ipso
656 1968 846 2018 abbate
874 1966 1175 2018 Gausberto
1201 1966 1492 2017 devotionis
1517 1965 1687 2032 gratia
1705 1964 1885 2033 Majus
1903 1987 1976 2018 The
1987 1988 2154 2019 monksof

1906 2028 2144 2059 Mal-monstier

157 2050 546 2102 Monasterium
579 2050 718 2101 unde
744 2049 945 2101 scilicet
984 2049 1270 2101 monachus
1306 2057 1418 2100 erat
1441 2049 1705 2110 visitante,
1746 2049 1885 2116 ejus-
1905 2069 2150 2142 ξὲὶᾞέῃέοὴῑεω

2002 2121 2019 2141 c
2070 2121 2092 2141 n

157 2133 275 2183 dem
300 2132 535 2183 ecclesiae
578 2140 866 2183 conventus
909 2150 1029 2184 cum
1071 2133 1261 2183 abbate
1297 2149 1393 2181 suo
1417 2132 1788 2194 moliebantur,
1828 2140 1888 2182 ut
1906 2121 1992 2183 their
2007 2151 2123 2182 house.

157 2220 389 2270 ecclesiae
410 2219 548 2270 Belli
578 2237 896 2287 quocunque
922 2227 1077 2287 pacto
1103 2217 1531 2278 dominarentur3
1555 2215 1655 2266 hoc
1680 2215 1885 2266 efficere

157 2311 420 2365 conantes,
464 2312 527 2353 ut
566 2302 727 2353 abbas
770 2302 942 2352 eidem
983 2301 1217 2352 ecclesiae
1260 2301 1324 2350 de
1362 2299 1515 2350 Bello
1558 2299 1614 2348 in
1654 2299 1886 2365 capitulo

158 2386 379 2455 Majoris
409 2385 722 2436 Monasterii
760 2385 1106 2446 ordinaretur,
1134 2385 1228 2451 qui
1267 2392 1328 2433 ut
1366 2382 1611 2433 subditus
1639 2381 1885 2450 quotiens

155 2470 489 2520 mandaretur
527 2488 615 2520 eos
658 2468 845 2520 adiret.
934 2468 1118 2519 Abbas
1159 2468 1339 2534 itaque
1385 2465 1718 2516 Gausbertus
1772 2464 1885 2516 haec

154 2569 499 2619 praenoscens,
544 2570 663 2603 cum
703 2552 758 2601 in
792 2551 1041 2617 Angliam
1085 2551 1306 2601 redisset
1332 2558 1385 2599 et
1409 2549 1505 2598 hac
1531 2549 1593 2599 de
1634 2566 1788 2598 causa
1825 2559 1887 2599 ut

158 2634 337 2702 Majus
364 2634 750 2685 Monasterium
793 2634 962 2685 adiret
1000 2634 1196 2684 iterum
1235 2633 1537 2698 iterumque
1576 2631 1883 2682 mandatum

156 2718 469 2785 excepisset,
506 2736 612 2768 non
651 2717 931 2780 consensit,
959 2717 1050 2768 sed
1089 2717 1287 2768 curiam
1327 2723 1531 2784 petens,
1558 2714 1715 2780 regiis
1746 2715 1885 2764 auri-

155 2801 255 2851 bus
296 2800 456 2869 hujus
494 2801 571 2852 rei
596 2801 979 2869 querimoniam
1018 2800 1268 2851 innotuit.
1311 2856 1314 2860 ⁴
1346 2798 1708 2852 Quamobrem
1746 2817 1885 2848 eom-

155 2891 329 2934 motus
366 2902 483 2946 rex,
524 2892 704 2935 omnes
729 2884 823 2952 qui
862 2903 1038 2935 secum
1081 2885 1297 2934 aderant
1323 2881 1545 2950 Majoris
1571 2880 1884 2931 Monasterii

154 2967 433 3019 monachos
457 2968 726 3019 remittere
753 2967 1036 3036 praecepit3
1059 2967 1269 3035 ipsique
1296 2964 1682 3026 interminatus,
1725 2967 1758 2990 “
1782 2963 1884 3013 Per

156 3050 484 3118 splendorem
527 3050 632 3101 Dei
651 3051 707 3102 !’'
763 3051 956 3118 inquit,
1022 3050 1141 3115 (hoc
1192 3050 1333 3100 enim
1397 3055 1695 3099 assueverat
1736 3047 1882 3113 jura-

156 3133 376 3199 mento),
406 3138 439 3161 “
461 3135 504 3185 si
529 3133 624 3184 hac
646 3135 710 3184 de
737 3152 892 3186 causa
915 3152 1056 3184 mare
1082 3132 1365 3192 transieris,
1384 3139 1477 3180 aut
1504 3129 1630 3179 illuc
1658 3127 1879 3178 ulterius

209 3276 222 3302 ¹
254 3277 332 3318 See
354 3277 434 3333 Bp.
452 3276 639 3318 Kennett
670 3289 724 3316 on
761 3274 833 3316 the
855 3276 972 3329 Aug·
1054 3274 1140 3315 tine
1159 3273 1258 3325 ΙΙΙ.,
1280 3272 1466 3314 directed
1483 3280 1525 3313 to
1559 3271 1723 3312 Hubert
1747 3270 1879 3312 Arch-

151 3333 380 3375 mentation
396 3334 442 3375 of
451 3333 691 3388 Vicarages,
703 3346 745 3388 p.
767 3335 836 3373 11.
870 3331 974 3372 This
1057 3330 1203 3386 bishop
1217 3330 1264 3371 of
1281 3329 1541 3384 Canterbury
1562 3343 1570 3370 :
1589 3342 1659 3369 sec
1672 3327 1744 3369 the
1760 3336 1879 3368 notes

152 3390 345 3444 practice,
378 3389 539 3446 though
571 3397 615 3431 at
650 3389 817 3430 various
849 3388 973 3429 times
1057 3388 1097 3428 in
1114 3387 1318 3439 Kennett,
1333 3386 1388 3427 ib.
1407 3394 1449 3427 at
1467 3400 1507 3441 p.
1543 3388 1612 3427 13.
1672 3384 1762 3426 The
1784 3398 1877 3440 pas-

153 3446 384 3501 forbidden,
404 3446 630 3488 continued
651 3446 694 3487 in
716 3460 848 3500 vogue
865 3444 973 3486 until
1055 3458 1152 3499 sage
1174 3444 1217 3485 in
1238 3443 1309 3484 the
1340 3449 1435 3484 text
1457 3443 1491 3484 is
1514 3442 1652 3484 rather
1670 3441 1878 3492 valuable,

153 3502 223 3544 the
264 3517 362 3558 year
399 3506 522 3556 1195,
550 3503 671 3544 when
712 3503 745 3543 it
786 3516 869 3543 was
910 3516 974 3542 re·
1055 3515 1100 3542 as
1121 3500 1309 3555 showing
1328 3507 1372 3541 at
1393 3499 1504 3541 what
1533 3513 1583 3540 an
1606 3499 1717 3554 early
1734 3498 1878 3555 period

154 3560 337 3602 strained
371 3560 428 3615 by
458 3575 482 3601 a
503 3560 592 3601 bull
619 3560 666 3600 of
692 3559 806 3614 Pope
830 3557 973 3600 Celes-
1054 3557 1180 3599 tithes
1202 3557 1335 3612 began
1356 3565 1399 3598 to
1421 3556 1472 3597 be
1494 3556 1802 3612 appropriated.
