2398 4152
702 467 1065 510 MONASTERII
1106 468 1186 508 DE
1228 468 1431 510 BELLo.
1907 456 1937 512 7

208 590 381 642 choati
397 592 638 660 opusculi
660 593 934 644 materiam
957 592 1206 644 sulcando
1229 592 1470 654 rimante,
1492 592 1625 643 libet
1647 591 1750 643 loci
1773 592 1937 643 nostri
1958 598 2133 686 ἓέιξέξξὲἑ
2168 644 2204 673 ω

205 673 375 740 prima
412 674 711 727 rudimenta
748 695 820 727 ex
861 676 1126 739 amussim,
1168 684 1231 727 ut
1253 676 1605 744 promisimus,
1634 675 1933 743 explanare.
1956 680 2110 753 ggggm

207 754 382 822 Igitur
394 758 793 826 praeclarissimo
808 778 931 827 rege
943 759 1216 810 Willelmo
1231 759 1492 827 pluribus,
1504 767 1567 810 ut
1580 758 1934 821 meminimus,

205 837 429 903 intente,
455 841 596 892 inter
618 842 736 905 alia,
770 850 825 893 et
847 842 958 894 voti
982 842 1265 910 praetaxati
1301 842 1600 905 efficaciam,
1636 842 1735 893 etsi
1760 842 1935 893 animo

205 939 313 973 non
337 924 529 988 amisit,
558 925 760 977 diutius
785 934 962 976 tamen
987 925 1240 993 temporis
1266 925 1410 976 illius
1446 942 1559 993 prae
1598 926 1936 994 occupation-

203 1004 325 1057 ibus
349 1007 650 1060 intermisit.
700 1008 907 1061 Verum
932 1009 1139 1059 conscia
1162 1008 1386 1059 interius
1409 1008 1640 1061 instante
1666 1009 1934 1060 conscien-

203 1088 294 1151 tia,
313 1090 551 1141 exterius
568 1108 800 1159 quoque,
817 1109 925 1142 non
943 1091 1115 1153 facile,
1129 1091 1431 1159 supradicto
1450 1091 1705 1142 monacho
1721 1092 1933 1143 Willel-

202 1191 289 1223 mo
305 1173 477 1224 Fabro
491 1173 680 1225 horum
698 1174 1023 1226 mentionem
1039 1174 1327 1225 studiosius
1346 1174 1662 1238 inculcante,
1681 1174 1930 1242 seposito,

200 1256 413 1315 tandem
446 1257 618 1308 eidem
641 1258 914 1320 monacho,
942 1266 1004 1309 ut
1039 1265 1327 1326 optaverat,
1354 1276 1452 1308 rex
1478 1258 1605 1325 quia
1627 1258 1694 1308 ad
1717 1276 1933 1308 manum

200 1337 512 1402 habebatur,
539 1340 712 1409 operis
736 1340 991 1392 fabricam
1016 1340 1368 1404 committens,
1398 1341 1655 1409 praecepit
1680 1341 1932 1409 quatinus

201 1421 258 1471 in
299 1423 534 1475 antefato
570 1423 952 1492 congressionis
974 1424 1111 1486 1000,
1153 1424 1333 1475 accitis
1359 1442 1537 1475 secum
1562 1440 1672 1474 suae
1698 1423 1932 1475 ecclesiae

199 1505 467 1574 aliquibus
486 1507 756 1570 fratribus,
775 1516 1133 1576 opportunum
1150 1507 1428 1558 festinaret
1442 1507 1655 1558 fundari
1669 1516 1931 1559 monaste-

197 1589 353 1640 rium.
429 1590 593 1644 Quod
634 1590 679 1641 is
717 1590 960 1641 alacriter
1000 1590 1291 1659 excipiens,
1329 1589 1510 1659 Majus
1541 1591 1930 1642 Monasterium

199 1673 345 1724 ocius
397 1674 545 1736 adiit,
603 1673 833 1743 hincque
883 1682 1112 1742 quatuor
1158 1674 1458 1737 monachos,
1509 1673 1710 1725 scilicet
1753 1674 1931 1726 Thed-

196 1756 413 1807 baldum
429 1761 446 1789 1
491 1758 800 1826 cognomine
838 1757 1119 1820 Vetulum,
1176 1757 1512 1809 Willelmum
1556 1757 1746 1819 Coche,
1792 1758 1931 1809 Rot-

195 1839 408 1891 bertum
434 1841 497 1891 de
524 1841 765 1903 Bolonia,
806 1840 1131 1892 Rotbertum
1157 1839 1435 1903 Blancard,
1469 1840 1607 1891 viros
1641 1841 1930 1908 personali-

197 1930 306 1972 tate
349 1942 408 1974 ac
440 1924 696 1990 religione
730 1925 1044 1993 praecipuos,
1083 1941 1261 1973 secum
1298 1923 1357 1972 in
1396 1921 1649 1990 Angliam
1680 1924 1924 1976 adduxit.

199 2006 312 2060 Qui
353 2016 699 2058 memoratum
737 2008 866 2058 belli
908 2007 1084 2057 locum
1122 2005 1528 2067 considerantes,
1568 2025 1689 2058 cum
1727 2008 1793 2058 ad
1817 2015 1925 2058 tam

192 2088 453 2157 insignem
488 2090 741 2141 fabricam
775 2090 950 2140 minus
974 2089 1241 2151 idoneum,
1280 2097 1344 2139 ut
1380 2087 1678 2151 videbatur,
1705 2090 1926 2141 arbitra-

192 2181 394 2235 rentur,
433 2173 490 2224 in
513 2173 784 2225 humiliori
807 2192 914 2225 non
937 2173 1124 2241 procul
1153 2172 1286 2235 loco,
1312 2190 1492 2223 versus
1518 2174 1754 2242 ejusdem
1779 2174 1927 2225 collis

195 2256 568 2308 occidentalem
605 2258 831 2326 plagam,
876 2266 1061 2326 aptum
1112 2256 1389 2307 habitandi
1430 2256 1608 2307 locum
1650 2257 1923 2325 eligenteS,

193 2339 391 2391 ibidem
432 2359 499 2391 ne
534 2341 611 2391 nil
645 2341 818 2410 operis
847 2359 1001 2408 agere
1026 2339 1333 2390 viderentur
1356 2340 1746 2391 mansiunculas
1772 2361 1926 2409 quas-

193 2425 312 2475 dam
345 2424 750 2476 fabricaverunt.
846 2424 959 2477 Qui
986 2424 1151 2484 locus,
1178 2422 1282 2472 huc
1308 2440 1476 2490 usque
1513 2422 1708 2474 Herste
1735 2443 1927 2492 cogno-

188 2508 436 2570 minatus,
459 2508 721 2575 quandam
739 2508 902 2558 habet
926 2507 1130 2576 spinam
1155 2507 1211 2556 in
1235 2507 1396 2574 hujus
1420 2506 1496 2556 rei
1521 2506 1924 2559 monimentum.

263 2591 440 2659 Igitur
464 2610 584 2642 cum
609 2591 749 2642 inter
773 2592 887 2642 haec
912 2591 1050 2658 regis
1084 2589 1291 2641 animus
1317 2589 1574 2640 sollicitus
1610 2591 1674 2641 de
1711 2591 1926 2642 fabricae
1947 2607 2098 2640 waliam
2114 2609 2142 2641 is

187 2682 442 2740 provectu
482 2684 761 2741 quaereret,
802 2676 867 2726 ab
907 2675 1076 2725 isdem
1114 2673 1368 2724 fratribus
1409 2673 1459 2723 ei
1494 2682 1801 2741 suggestum
1827 2683 1923 2737 est,
1945 2650 2190 2722 fflffissi'sred

190 2757 334 2823 quod
372 2757 519 2808 locus
557 2758 648 2808 ille
682 2758 777 2809 ubi
805 2758 1077 2809 ecclesiam
1113 2757 1230 2807 fieri
1257 2757 1575 2819 decreverat,
1603 2757 1687 2808 uti
1710 2758 1767 2808 in
1791 2758 1923 2809 colle
1945 2733 2189 2804 gptgnangethe

187 2839 336 2903 situs,
364 2841 533 2891 arenti
557 2841 728 2909 gleba,
757 2842 924 2893 siccus
951 2849 1005 2892 et
1039 2859 1296 2908 aquarum
1322 2840 1461 2890 foret
1496 2840 1725 2908 indigus,
1761 2849 1922 2909 atque

187 2924 253 2974 ob
279 2924 377 2975 hoc
403 2934 644 2993 oportere
672 2933 820 2977 tanto
846 2926 993 2994 operi
1035 2925 1293 2993 aptiorem
1326 2924 1519 2986 locum,
1559 2924 1615 2974 in
1657 2925 1921 2992 proximo,

185 3006 229 3055 si
270 3007 526 3075 placitum
567 3009 869 3071 haberetur,
909 3008 1156 3076 delegari.
1235 3008 1398 3061 Quod
1438 3025 1559 3057 cum
1601 3026 1699 3057 rex
1740 3026 1920 3074 perce-

184 3089 367 3157 pisset,
407 3092 712 3160 indignatus
751 3093 969 3160 refugit,
1012 3091 1265 3159 ociusque
1303 3090 1466 3159 jussit
1503 3090 1559 3140 in
1594 3091 1778 3140 eodem
1803 3091 1918 3141 loco

186 3191 291 3240 quo
328 3175 479 3226 hoste
520 3185 782 3243 prostrato
828 3176 929 3226 sibi
956 3183 1183 3226 cesserat
1208 3174 1510 3242 triumphus
1534 3173 1768 3224 basilicae
1793 3173 1916 3224 fun-

183 3256 426 3308 damenta
455 3260 648 3327 jacere.
726 3259 967 3327 Cumque
994 3258 1165 3309 obniti
1203 3277 1311 3308 non
1343 3265 1722 3326 praesumentes
1757 3276 1917 3325 aqua-

183 3357 302 3390 rum
359 3342 584 3409 penuria
633 3352 989 3404 causarentur,
1037 3343 1258 3392 verbum
1320 3342 1387 3392 ad
1433 3342 1547 3391 haec
1615 3340 1917 3391 memoriale

129 3455 132 3457 -
182 3424 490 3491 magnificus
514 3445 612 3477 rex
633 3426 914 3494 protulisse
941 3427 1110 3476 fertur
1132 3445 1142 3476 :
1197 3429 1231 3453 “
1253 3424 1422 3493 Ego,”
1448 3424 1642 3492 inquit,
1685 3428 1718 3452 ‘⁶
1736 3424 1779 3474 si
1799 3424 1918 3475 Deo

180 3552 246 3652 23¹
272 3553 383 3666 ἔλθ’(
401 3553 631 3596 Tetbaldus
652 3554 908 3611 presbyter”
941 3554 976 3596 is
1008 3553 1250 3596 mentioned
1282 3554 1325 3596 in
1347 3552 1594 3609 Doomsday
1625 3553 1818 3611 (Sussex,
1848 3556 1916 3606 20,

236 3642 247 3662 ‚
352 3643 361 3652 .
