2398 4152
485 427 554 477 80
981 438 1262 479 HISTORIA
1305 438 1726 482 FUNDATIONIS

485 566 676 617 simum
711 580 824 615 esse
864 570 919 615 et
959 581 1271 632 congruum,
1301 564 1556 632 quatinus
1582 564 1851 616 scedulam
1876 565 2240 636 parvissimam

483 658 675 701 vestrae
699 647 1045 718 professionis
1071 649 1289 699 modum
1315 648 1682 700 continentem
1709 651 1808 702 sub
1831 651 2062 719 quadam
2083 667 2242 704 reno-

484 734 695 784 vatione
717 732 954 784 ecclesiae
979 732 1105 784 huic
1132 741 1187 784 et
1219 734 1375 785 nobis
1399 734 1758 803 perscribatis,
1795 743 1850 786 et
1877 735 2039 803 sigilli
2077 735 2242 788 vestri

484 818 830 887 impressione
875 818 975 870 sub
1022 818 1355 886 quorundam
1387 819 1695 871 testimonio
1743 819 2084 883 confirmetiS,
2132 839 2246 890 quo

488 903 632 955 omni
674 903 924 972 deinceps
969 902 1318 971 ambiguitate
1361 904 1588 968 detersa,
1642 903 1863 955 ecclesia
1905 920 2140 973 praesens
2178 912 2244 956 ut

485 989 658 1040 filium
697 1007 789 1039 vos
827 987 1100 1056 diligendo
1142 988 1339 1051 foveat,
1385 997 1440 1040 et
1479 989 1536 1039 in
1581 989 1826 1040 omnibus
1867 988 2149 1042 consilium
2187 998 2245 1041 et

485 1073 751 1124 auxilium
774 1073 1032 1141 praebeat.
1112 1072 1202 1124 Sic
1231 1073 1414 1142 itaque
1440 1092 1570 1142 pace
1597 1072 2002 1137 communicata,
2038 1074 2244 1143 gremio

485 1166 681 1209 sanctae
727 1156 962 1208 ecclesiae
1005 1156 1307 1220 restitutus,
1359 1156 1518 1208 hilari
1559 1157 1730 1208 cordis
1772 1157 1971 1209 affectu
2013 1158 2245 1211 redeatis

483 1243 551 1295 ad
574 1242 805 1312 propria.
882 1242 998 1293 Nos
1023 1260 1148 1292 vero
1172 1241 1230 1292 in
1253 1241 1338 1292 his
1365 1242 1563 1310 quibus
1589 1250 1765 1293 vestra
1788 1242 2094 1295 fraternitas
2119 1263 2244 1313 erga

482 1327 839 1379 venerabilem
865 1326 1140 1378 dominum
1186 1334 1429 1378 nostrum
1473 1327 1785 1396 episcopum
1813 1326 2084 1380 Hilarium
2111 1329 2246 1380 deli-

486 1413 664 1482 quisse
725 1412 1080 1480 cognoscitur,
1147 1412 1467 1464 mediatores
1537 1412 1844 1483 interpositi
1917 1412 2249 1482 indignatio-

483 1516 607 1565 nem
648 1497 794 1548 illius
829 1515 953 1565 erga
976 1514 1068 1548 vos
1105 1504 1161 1547 et
1196 1496 1328 1547 iram
1364 1515 1494 1566 pace
1528 1498 1814 1566 conjuncta
1839 1496 1946 1548 Dei
1971 1505 2246 1550 annuente

482 1582 654 1650 gratia
693 1581 1012 1633 sedabimus.
1091 1580 1379 1631 Provideat
1423 1581 1591 1649 igitur
1634 1581 1850 1632 dilectio
1894 1591 2085 1647 vestra,
2115 1602 2251 1652 qua-

481 1668 628 1719 tinus
678 1675 788 1718 tam
825 1682 1034 1734 magnae
1085 1665 1420 1717 auctoritatis
1470 1674 1633 1735 atque
1682 1666 1980 1718 nobilitatis
2022 1687 2250 1737 persona

482 1752 840 1821 perfectarum
866 1751 1209 1802 scientiarum
1234 1758 1420 1802 utatur
1447 1750 1687 1815 consilio,
1715 1751 1980 1821 nobisque
2005 1753 2247 1805 modesto

484 1856 642 1907 super
677 1837 762 1888 his
803 1845 967 1905 atque
1003 1843 1220 1904 accepto
1264 1832 1505 1887 sermone
1544 1837 1880 1905 respondeat.
1958 1837 2154 1906 Neque
2190 1837 2248 1890 in

486 1923 651 1974 dubio
693 1922 779 1984 sit,
824 1921 956 1990 quin
992 1920 1220 1989 eloquiis
1247 1920 1569 1972 dulcissimis
1596 1940 1627 1972 a
1650 1921 1802 1973 vobis
1827 1922 2120 1991 propalatis
2143 1922 2247 1974 hu-

484 2008 682 2059 militas
708 2015 890 2058 nostra
912 2005 1145 2074 benigne
1172 2005 1364 2069 faveat,
1402 2006 1714 2075 ampullosis
1739 2026 1864 2058 vero
1891 2015 1947 2059 et
1973 2007 2249 2078 sesquipe-

487 2093 696 2144 dalibus
744 2092 973 2144 viriliter
1041 2091 1389 2154 contradicat,
1456 2093 1696 2161 quamvis
1746 2093 2035 2161 ingenuam
2083 2093 2247 2145 vestri

482 2178 691 2247 generis
739 2176 1231 2246 magnanimitatem
1271 2195 1380 2228 non
1425 2177 1692 2246 superbiae
1734 2179 1850 2247 tipo
1896 2177 2108 2243 extolli,
2153 2179 2247 2230 sed

482 2263 761 2333 patientiae
802 2270 966 2330 atque
1009 2261 1232 2313 rationis
1270 2261 1470 2313 virtute
1510 2262 1737 2314 sciamus
1788 2263 2045 2314 devinci.”
2140 2262 2247 2315 His

484 2348 668 2416 itaque
711 2346 1083 2417 hujuscemodi
1129 2365 1370 2397 sermone
1417 2365 1447 2397 a
1496 2347 1695 2398 decano
1736 2347 1951 2410 habitis,
1997 2347 2247 2400 omnibus

483 2433 583 2484 hoc
603 2434 813 2503 justum
838 2432 953 2484 sore
979 2440 1142 2500 atque
1167 2431 1252 2482 his
1278 2450 1331 2482 se
1359 2431 1534 2482 favere
1562 2432 1992 2496 acclamantibus,
2030 2433 2248 2484 tandem

487 2518 701 2570 silentio
744 2517 1016 2587 imposito,
1059 2517 1224 2568 abbas
1265 2516 1366 2568 hoc
1391 2517 1552 2568 modo
1580 2525 1635 2568 et
1658 2517 1756 2569 hac
1783 2517 1991 2569 ratione
2026 2535 2251 2587 respon-

486 2603 690 2655 sionem
718 2602 942 2671 objectis
967 2601 1274 2653 subintulit.

209 2691 414 2774 'rlgjffgissljbffl
562 2692 597 2716 ‘⁶
616 2687 889 2738 Orationis
914 2695 1123 2749 vestrae,
1147 2694 1326 2755 patres
1354 2686 1705 2750 dilectissimi,
1726 2687 2027 2757 oppositam
2051 2705 2254 2757 propo·

488 2773 738 2825 sitionem
765 2771 908 2822 dulci
934 2789 1176 2822 sermone
1201 2770 1465 2839 prolatam
1490 2771 1548 2822 in
1574 2780 1778 2823 secreto
1797 2772 1970 2823 cordis
1994 2771 2102 2823 mei
2126 2791 2249 2841 per-

486 2858 724 2927 pendens
776 2856 959 2918 cubili,
1011 2855 1310 2923 magnificae
1349 2855 1616 2906 libertatis
1665 2856 1965 2925 famosique
2015 2857 2273 2914 nominis,

486 2941 723 2994 ecclesiae
774 2941 839 2991 de
885 2939 1041 2991 Bello
1093 2939 1325 2990 occurrit
1371 2940 1708 3004 excellentia,
1762 2941 2107 3011 animumque
2149 2960 2248 3012 per

485 3027 689 3078 diversa
713 3033 995 3077 nutantem
1020 3024 1247 3075 nimium
1273 3025 1571 3092 perturbat,
1599 3025 1790 3076 horum
1817 3026 2244 3095 improvidentia.

485 3104 927 3180 Namquevobis
969 3117 1032 3160 ut
1075 3109 1319 3179 patribus
1363 3117 1417 3160 et
1454 3109 1709 3161 fratribus
1736 3110 2054 3162 dulcissimis
2079 3112 2247 3163 affatu

486 3196 646 3264 digno
686 3206 741 3247 et
778 3195 1032 3246 dulcifluo
1058 3194 1377 3263 respondere
1403 3195 1601 3263 paravi,
1631 3202 1686 3245 et
1712 3195 2030 3246 omnimodis
2055 3206 2245 3249 vestrae

485 3281 785 3332 satisfacere
824 3279 1049 3331 caritati.
1126 3279 1333 3331 Verum
1368 3278 1659 3348 inopinatis
1686 3279 2020 3349 stupefactus
2047 3300 2244 3334 sermo-

483 3366 642 3417 nibus
692 3366 755 3416 de
798 3365 902 3416 alio
941 3383 1099 3432 cogor
1140 3364 1363 3416 transire
1416 3365 1482 3416 ad
1520 3365 1685 3428 aliud,
1725 3383 1911 3416 verens
1953 3373 2131 3417 tamen
2174 3385 2244 3417 ne

483 3452 702 3502 modum
734 3450 994 3500 excedere
1017 3457 1172 3517 cogat
1196 3449 1553 3517 respondendi
1579 3443 1880 3501 necessitas·
1958 3449 2155 3519 Neque
2180 3458 2246 3502 ut

484 3535 702 3603 quidam
760 3534 997 3602 gladium
1056 3532 1215 3583 melle
1273 3532 1433 3583 litum
1481 3532 1766 3602 proferam,
1815 3534 1909 3584 sed
1957 3534 2244 3586 verissimis

483 3619 704 3670 innixus
758 3617 1156 3681 assertionibUS,
1216 3616 1369 3668 vobis
1431 3617 1763 3669 satisfaciam.
1861 3616 2243 3687 Saepenumero
