2398 4152
478 465 544 514 62
974 474 1250 515 HISTORIA
1294 472 1703 513 FUNDATIONIS

473 601 719 661 donatur,
771 598 1115 665 ecclesiaeque
1158 597 1221 647 de
1266 597 1420 661 Bello
1463 597 1709 665 quaedam
1752 603 1892 646 terra
1933 595 2050 647 lxx.
2096 595 2220 646 soli-

473 685 679 746 dorum,
721 681 854 750 regii
881 681 1084 732 scilicet
1120 669 1341 731 manerii
1367 679 1625 731 vocabulo
1653 679 1865 731 Mienes
1902 679 2217 742 membrum,

473 768 617 835 quod
631 774 850 818 vocatur
866 764 1284 833 Langenhersse,
1306 765 1363 815 in
1380 764 1765 834 possessionem
1781 771 2036 815 aeternam
2050 763 2219 814 libere

472 852 717 914 tenenda,
763 859 818 901 et
858 851 923 901 ab
966 849 1211 922 omnibus
1262 848 1739 900 consuetudinibus
1779 847 1965 917 quieta
2009 865 2220 899 excam-

470 935 666 987 biatur.
744 934 871 988 Quo
903 953 1025 1000 cum
1048 931 1211 1002 regiae
1233 933 1524 1003 majestatis
1549 931 1865 984 auctoritate
1891 931 2219 994 confirmato,

471 1028 527 1070 et
569 1019 823 1087 utrinque
867 1008 1130 1081 conceSSO,
1172 1036 1302 1068 mox
1346 1018 1411 1068 ad
1451 1016 1667 1086 Angliae
1701 1016 1954 1079 reditum,
1991 1016 2221 1067 redeun-

469 1104 615 1154 tibus
657 1103 873 1154 domum
914 1102 1187 1165 fratribus,
1244 1101 1518 1152 ecclesiam
1576 1101 1890 1170 praedictam
1938 1100 2220 1169 episcopus

469 1187 723 1250 obtinuit,
774 1205 982 1237 necnon
1041 1193 1096 1236 et
1157 1186 1320 1237 abbas
1369 1185 1681 1254 praedictam
1728 1184 2115 1254 possessionem
2163 1183 2220 1234 in

469 1273 706 1324 ecclesiae
733 1288 844 1322 suae
863 1272 988 1340 jura
1011 1270 1235 1338 redegit.

201 1373 346 1404 Refuses
366 1373 425 1405 the
539 1357 808 1426 Episcopo
826 1364 1007 1406 autem
1026 1355 1277 1418 Seifrido,
1296 1364 1358 1406 ut
1376 1356 1488 1423 jam
1503 1353 1859 1417 meminimus,
1882 1353 2027 1422 apud
2045 1351 2221 1404 Cices-

199 1425 377 1446 summons

198 1458 450 1528 {geagpeffiagf
468 1441 624 1491 triam
670 1440 1008 1508 episcopatus
1049 1440 1218 1508 gradu
1268 1440 1571 1502 sublimato,
1625 1457 1746 1489 cum
1794 1438 1897 1506 ipsi
1941 1446 1997 1489 et
2041 1437 2220 1489 abbati

199 1507 415 1577 Chichi'ers'ten
467 1525 725 1592 praedicto
752 1533 940 1576 mutua
962 1524 1230 1574 videretur
1254 1523 1426 1574 inesse
1454 1522 1751 1585 concordia,
1789 1540 2006 1573 suorum
2040 1530 2220 1573 tamen

466 1608 872 1678 importunitate
911 1608 1160 1659 abbatem
1204 1607 1484 1675 episcopus
1523 1606 1785 1674 synodum
1829 1625 1994 1670 suam,
2023 1605 2080 1656 in
2105 1605 2222 1675 ipsa

467 1701 819 1761 utrorumque
857 1691 1061 1743 recenti
1110 1691 1466 1759 promotione,
1513 1691 1655 1741 adire
1705 1690 2051 1742 Summonuit.
2127 1690 2220 1742 Ad

466 1778 629 1846 quod,
665 1777 792 1827 dum
818 1795 944 1828 sano
969 1794 1098 1826 usus
1138 1775 1375 1838 consilio,
1417 1793 1449 1825 a
1484 1774 1645 1843 pleno
1671 1793 1782 1826 suae
1810 1775 2046 1827 ecclesiae
2077 1775 2221 1844 capi-

466 1862 599 1924 tulo,
630 1862 774 1930 quod
809 1861 909 1912 sibi
950 1860 1216 1927 agendum
1239 1859 1399 1922 foret,
1428 1860 1587 1911 abbas
1613 1859 1864 1927 providus
1888 1859 2219 1929 requisisset,

465 1946 654 1997 fratres
679 1965 881 1997 morem
906 1945 1164 1996 hactenus
1190 1953 1456 1995 servatum
1490 1943 1799 2007 inferentes,
1836 1962 1907 1994 ex
1940 1944 2087 2012 regia
2118 1945 2221 1997 hoc

467 2030 783 2081 auctoritate
843 2030 1209 2090 ostenderunt,
1268 2029 1413 2096 quod
1462 2047 1560 2097 pro
1609 2028 1759 2078 nulla
1807 2029 2221 2081 summonitione

466 2133 564 2165 nec
605 2115 884 2165 exactione
927 2113 1027 2164 hoc
1060 2113 1177 2164 fieri
1215 2121 1503 2181 oporteret,
1550 2113 1640 2164 sed
1675 2112 1718 2162 si
1745 2113 1847 2165 sibi
1871 2132 1968 2182 per
1992 2113 2222 2165 liberum

466 2199 744 2250 arbitrium
779 2199 908 2249 illuc
942 2198 1027 2249 vel
1069 2197 1198 2248 alias
1234 2197 1311 2247 ire
1337 2198 1642 2266 placuisset,
1670 2197 1837 2249 libere
1866 2216 2027 2266 quem
2060 2199 2224 2251 vellet

196 2296 415 2379 ξέιεῃξῖἕῖἰιγ.
466 2284 665 2351 absque
716 2282 1018 2352 calumpnia
1066 2282 1211 2333 adire
1269 2282 1482 2334 valeret.
1575 2282 1701 2336 Quo
1751 2283 1913 2333 abbas
1967 2302 2220 2352 responso

466 2369 804 2431 certificatus,
833 2367 1143 2436 episcopum
1167 2367 1445 2417 ultroneus
1471 2366 1601 2418 adiit
1623 2387 1634 2429 3
1665 2385 1873 2418 causam
1899 2367 2222 2435 dignitatum

467 2453 723 2516 ecclesiae,
777 2452 864 2503 cui
912 2459 1159 2520 praeerat,
1213 2450 1494 2519 exposuit3
1548 2469 1646 2501 nec
1694 2470 1748 2502 se
1808 2452 2220 2504 summonitione

466 2547 708 2590 coactum
743 2536 1032 2600 advenisse,
1066 2536 1159 2586 sed
1183 2554 1250 2586 ne
1275 2543 1465 2586 mutua
1488 2535 1628 2586 inter
1654 2555 1743 2587 eos
1770 2536 1957 2587 caritas
1983 2555 2078 2587 sua
2096 2538 2222 2606 jura
2263 2574 2266 2578 -

465 2623 722 2674 hactenus
749 2623 1024 2672 observata
1047 2620 1295 2682 violaret3
1336 2620 1575 2688 flagitare
1601 2639 1656 2670 se
1682 2628 1745 2671 ut
1770 2620 2046 2671 ecclesiam
2072 2640 2221 2673 suam

466 2715 522 2757 et
561 2726 615 2757 se
655 2707 712 2757 in
754 2724 883 2774 pace
912 2705 1205 2756 secundum
1229 2723 1432 2755 morem
1457 2705 1745 2773 pristinum
1771 2723 1883 2756 esse
1909 2705 2124 2770 sineret,
2151 2725 2219 2757 ne

465 2791 699 2842 deterius
727 2789 1003 2858 quippiam
1045 2788 1352 2857 hujusmodi
1395 2788 1535 2839 forte
1573 2789 1934 2840 simultatibus
1974 2790 2218 2843 oriretur.

467 2874 684 2928 Quibus
733 2873 984 2942 pontifex
1032 2872 1357 2941 pacificatUS,
1411 2891 1621 2923 omnem
1662 2873 1980 2941 calumpniae
2019 2875 2221 2926 nodum

466 2959 722 3022 dissolvit,
741 2957 1123 3025 ecclesiamque
1151 2964 1206 3007 et
1231 2957 1461 3007 eundem
1486 2957 1734 3007 abbatem
1751 2957 1948 3026 oppido
1975 2958 2219 3028 diligens,

467 3043 687 3094 consilio
714 3050 769 3093 et
795 3042 1000 3093 auxilio
1025 3042 1259 3092 studiose
1284 3041 1615 3109 praelationis
1651 3059 1762 3091 suae
1791 3050 2030 3111 tempore
2066 3044 2219 3097 fovit.

197 3138 409 3210 ffiffgfffffcsih
467 3127 896 3179 Restaurationis
921 3126 1088 3195 igitur
1114 3125 1352 3177 ecclesiae
1380 3125 1549 3177 indies
1574 3125 1890 3194 proficiente
1935 3136 2079 3179 statu
2120 3129 2219 3180 sub

463 3213 722 3281 praedicto
748 3213 958 3275 abbate,
1002 3211 1169 3280 coepit
1192 3211 1353 3274 idem,
1398 3229 1603 3262 summa
1625 3211 1911 3279 prudentia
1946 3220 2001 3262 et
2026 3213 2222 3280 sagaci-

465 3306 574 3348 tate
601 3316 745 3361 usus,
774 3297 840 3348 ad
864 3297 1092 3347 fratrum
1115 3314 1398 3347 numerum
1423 3294 1893 3363 multiplicandum
1927 3314 2220 3348 accommo-

465 3382 587 3432 dare
632 3381 888 3443 studium,
931 3381 1226 3448 domusque
1254 3378 1361 3429 Dei
1387 3378 1587 3430 salubri
1613 3379 1907 3430 delectatus
1931 3380 2136 3444 decore,
2165 3389 2221 3432 et

466 3465 704 3516 ecclesiae
749 3474 969 3533 partem-
1004 3464 1227 3533 plumbo
1269 3462 1500 3532 operuit,
1545 3471 1599 3514 et
1642 3462 1825 3513 multis
1866 3482 1924 3514 ac
1950 3465 2219 3532 praeclaris

467 3550 805 3613 ornamentis,
847 3568 955 3599 non
991 3548 1163 3598 solum
1205 3547 1262 3597 in
1305 3547 1441 3598 vasis
1481 3546 1635 3597 altari
1675 3546 1832 3615 aptis,
1874 3557 2095 3615 argento
2134 3547 2220 3599 vel

465 3653 593 3684 auro
634 3634 896 3702 pretiosis,
943 3633 1035 3683 sed
1077 3640 1130 3682 et
1159 3632 1215 3682 in
1241 3631 1422 3699 cappis
1449 3640 1502 3682 et
1528 3631 1677 3694 albis,
1720 3631 2003 3699 palliisque
2028 3632 2218 3701 praeci-
