2398 4152
712 438 1074 479 MONASTERII
1113 439 1191 478 DE
1234 438 1439 478 BELLO.
1651 458 1654 459 ν
1861 422 1928 471 23

205 567 347 610 sacra
370 560 617 612 unctione
642 561 826 615 linitus
850 571 1146 624 coronatur,
1164 561 1331 612 electo
1356 561 1421 611 ad
1443 557 1928 627 archipraesulatum

207 641 506 694 Cantuariae
534 642 790 711 Stigando
826 646 938 711 regi
974 644 1230 695 contraire
1276 643 1501 694 conanti.

276 725 402 784 Rex
426 726 607 794 itaque
633 713 839 778 collatae
863 727 962 779 sibi
988 727 1172 794 gratiae
1197 744 1304 777 non
1328 726 1580 793 ingratus,
1607 741 1804 773 memor
1824 721 1929 772 fuit

205 807 311 871 Dei
343 817 398 860 et
425 809 482 860 in
516 810 658 862 bono
701 811 972 879 proposito
1004 810 1294 861 delectatus
1333 819 1429 870 est,
1456 825 1720 876 opereque
1746 813 1927 856 votum

201 891 429 959 gestiens
453 893 788 960 praelibatum
831 893 1053 954 efficere,
1093 892 1148 942 in
1181 892 1435 960 praedicto
1475 889 1770 941 certaminis
1811 888 1927 938 loco

204 982 367 1025 tantae
391 975 627 1027 victoriae
646 976 965 1043 condignum
989 975 1244 1042 praecepit
1268 972 1925 1024 fabricari'monasterium.

204 1056 279 1108 Et
295 1058 420 1126 quia
434 1058 568 1110 illud
591 1059 647 1109 in
666 1058 922 1110 honorem
937 1067 1131 1109 sanctae
1151 1057 1446 1120 Trinitatis,
1465 1064 1519 1108 et
1532 1058 1702 1107 beatae
1720 1055 1928 1116 Mariae,

203 1159 408 1192 necnon
432 1151 486 1193 et
508 1142 652 1193 beati
683 1141 906 1193 Martini
931 1141 1242 1192 confessoris
1279 1140 1492 1202 Christi,
1528 1147 1774 1190 sanxerat
1807 1156 1930 1188 con-

201 1225 524 1286 secrandum,
570 1224 807 1293 ejusdem
856 1224 1022 1275 sancti
1068 1223 1292 1274 Martini
1343 1223 1597 1294 quosdam
1642 1221 1830 1272 accivit
1862 1221 1926 1271 de

204 1306 399 1376 Majori
434 1306 760 1358 Monasterio
803 1306 1083 1358 monachos
1122 1307 1214 1374 qui
1264 1307 1411 1375 operi
1463 1314 1768 1374 praeessent,
1807 1303 1929 1354 reli-

198 1389 475 1458 gionisque
501 1389 818 1441 monachicae
848 1389 1193 1441 fundamenta
1216 1391 1485 1458 jacerent3
1520 1398 1582 1439 ut
1616 1387 1774 1439 simul
1809 1405 1928 1437 cum

202 1472 434 1524 ecclesiae
459 1473 674 1535 fabrica,
718 1473 986 1541 religionis
1037 1474 1234 1524 ibidem
1276 1492 1459 1525 norma
1491 1472 1786 1540 proficeret,
1831 1471 1930 1521 eis-

201 1574 305 1625 que
360 1558 426 1608 ad
478 1575 610 1625 opus
661 1556 1073 1619 accelerandum,
1131 1557 1473 1625 pecuniarum
1527 1573 1783 1623 expensas
1833 1573 1929 1622 pro

202 1640 367 1691 nihilo
420 1640 632 1703 ducens,
678 1639 1001 1691 thesauraria
1057 1659 1150 1691 sua
1192 1640 1352 1708 pandi
1410 1639 1636 1690 faciebat
1684 1637 1929 1705 quotiens

202 1723 506 1775 voluissent.
584 1723 691 1775 Sed
721 1724 818 1774 filii
864 1724 1022 1775 alieni
1065 1742 1172 1774 non
1211 1733 1317 1774 tam
1343 1723 1512 1773 Jhesu
1539 1722 1737 1773 Christi
1773 1740 1930 1789 quam

203 1825 324 1875 quae
359 1826 453 1858 sua
489 1815 614 1858 sunt
653 1816 971 1875 quaerentes,
1011 1807 1368 1874 negligentius
1413 1806 1558 1874 operi
1602 1805 1926 1855 insistebant.

200 1889 454 1941 Ecclesiae
504 1890 667 1957 igitur
725 1899 988 1941 structura
1042 1891 1208 1941 indies
1257 1890 1583 1958 proficiente,
1640 1907 1758 1939 cum
1816 1907 1930 1939 eam

199 1973 418 2023 devotus
450 1991 548 2024 rex
584 1974 785 2040 magnis
819 1974 1010 2041 opibus
1043 1982 1098 2023 et
1134 1972 1293 2040 regiis
1331 1971 1677 2039 dignitatibus
1711 1971 1928 2022 mirifice

200 2056 366 2107 ditare
406 2056 725 2124 disponeret,
755 2074 818 2106 eo
850 2056 994 2123 quod
1032 2056 1229 2106 ibidem
1272 2055 1528 2106 Tonantis
1561 2054 1730 2122 gratia
1763 2055 1929 2105 victo-

197 2140 326 2190 riam
374 2150 429 2190 et
474 2157 695 2206 regnum
740 2139 839 2190 sibi
890 2139 1103 2207 suisque
1155 2139 1439 2190 heredibus
1487 2138 1818 2199 obtinuisset,
1863 2138 1929 2188 ob

198 2223 429 2274 victoriae
468 2223 702 2291 ejusdem
736 2223 1039 2273 memoriam
1068 2223 1503 2290 perpetuandam,
1541 2222 1715 2289 ipsum
1754 2221 1927 2271 locum

204 2306 415 2357 Bellum
452 2306 704 2375 appellari
742 2306 944 2367 voluit3
979 2307 1272 2374 statuitque
1309 2315 1625 2356 conventum
1656 2306 1722 2355 ad
1751 2305 1924 2355 minus

203 2389 279 2441 lx.
326 2389 699 2441 monachorum
736 2389 933 2441 ibidem
986 2390 1322 2457 congregari3
1364 2407 1662 2457 proponens
1709 2389 1925 2438 eandem

202 2473 471 2524 ecclesiam
504 2491 623 2523 cum
656 2473 882 2524 dedicari
912 2473 1109 2523 faceret
1134 2473 1189 2524 in
1225 2481 1432 2523 tantum
1476 2472 1661 2534 ditare,
1708 2480 1769 2521 ut
1805 2490 1927 2522 con-

199 2565 387 2607 ventus
437 2556 670 2624 ejusdem
724 2556 865 2606 omni
915 2564 1149 2623 tempore
1213 2573 1432 2605 numero
1496 2555 1689 2622 septies
1741 2554 1927 2620 viginti

198 2638 571 2689 monachorum
627 2639 898 2690 existeret.
1017 2642 1051 2666 “
1075 2639 1181 2689 Sed
1239 2638 1397 2689 homo
1458 2638 1724 2706 proponit,
1778 2637 1927 2688 Deus

200 2731 379 2773 autem
413 2721 696 2790 disponit.’'
770 2722 909 2773 Nam
946 2722 999 2772 id
1043 2722 1311 2790 perficere,
1351 2721 1484 2789 proh
1518 2721 1699 2772 dolor!
1740 2730 1927 2782 morte,

201 2824 322 2874 quae
359 2805 469 2873 regi
507 2824 661 2874 aeque
687 2805 911 2873 imperat
947 2814 1010 2855 ut
1045 2805 1304 2867 mendico,
1343 2813 1643 2873 praeventus
1668 2804 1924 2872 nequivit.

201 2889 399 2940 Tamen
460 2907 569 2940 suae
625 2888 924 2939 dilectionis
979 2889 1284 2939 memoriam
1329 2889 1436 2939 suis
1490 2887 1757 2938 monachis
1806 2887 1926 2937 reli-

199 2973 333 3039 quit,
373 2973 697 3023 constituens
735 2972 790 3023 in
827 2972 997 3041 primo
1035 2971 1301 3023 monachis
1328 2972 1562 3040 ejusdem
1600 2971 1834 3021 ecclesiae
1861 2971 1926 3021 ad

199 3055 485 3106 cotidianos
528 3073 654 3106 usus
701 3073 891 3124 panem
929 3055 1089 3123 regiae
1129 3074 1323 3106 mensae
1381 3064 1582 3122 aptum,
1635 3055 1727 3122 qui
1765 3054 1927 3105 Sime-

198 3138 284 3188 nel
331 3138 489 3206 vulgo
531 3147 763 3201 vocatur,
799 3138 1002 3189 ‘habere
1040 3139 1269 3206 pondere
1313 3138 1389 3189 lx.
1431 3138 1754 3198 solidorum,¹
1789 3146 1843 3187 et
1868 3138 1923 3188 in

199 3220 612 3288 Quadragesima
645 3222 709 3272 de
744 3221 1011 3289 quartario
1063 3223 1330 3289 majorem,
1373 3228 1434 3271 ut
1466 3220 1765 3271 elemosinae
1806 3238 1924 3289 pars

198 3304 296 3355 sibi
334 3305 558 3356 cederet.
638 3305 780 3355 Huic
806 3323 929 3372 ergo
966 3304 1200 3355 ecclesiae
1237 3303 1402 3354 sancti
1435 3302 1657 3354 Martini
1691 3305 1753 3354 de
1772 3303 1924 3355 Bello

200 3387 331 3438 hanc
376 3389 613 3456 inprimis
652 3388 815 3456 regali
858 3387 1170 3438 auctoritate
1224 3387 1534 3452 dignitatem
1582 3387 1835 3439 concessit
1873 3398 1926 3438 et

622 3538 632 3561 ¹
666 3530 902 3574 1.e.360z.
964 3530 1041 3571 See
1064 3529 1196 3581 Fleta,
1229 3529 1272 3571 ii.
1311 3531 1336 3570 9
1370 3528 1409 3571 &
1434 3530 1500 3570 12.

1950 738 2075 769 Monks
2092 738 2192 769 invit-

1949 778 1991 810 ed
2003 778 2089 809 from
2104 780 2192 809 Mar-

1949 819 2121 851 monstier.
