2398 4152
649 418 1012 460 MONAs'rERn
1056 419 1135 459 DE
1176 420 1384 460 BELLo.
1785 408 1885 458 159

157 542 358 594 monita
402 558 509 593 non
547 542 894 611 negligerent,
936 544 1052 611 ejus
1095 542 1343 611 exemplo
1390 542 1562 593 vivere
1604 541 1888 593 contende-

156 633 291 689 rent,
329 643 398 676 ex
438 626 636 693 quibus
675 626 920 677 omnibus
960 644 1134 677 coram
1178 626 1298 677 Deo
1340 625 1580 694 gratiam,
1621 634 1677 676 et
1713 643 1888 677 coram

154 708 458 760 hominibus
505 709 759 761 honorem
816 709 1166 779 proculdubio
1223 709 1538 761 invenirent.
1629 709 1887 778 Suscepe-

152 800 280 843 runt
302 792 382 843 illi
407 792 509 844 sibi
533 793 805 844 dimissum
830 801 1080 862 tanquam
1108 793 1361 844 divinitus
1387 794 1585 856 datum,
1600 794 1711 862 jam
1738 800 1886 843 tanto

153 875 400 938 laetiores,
442 885 644 944 quanto
681 877 746 928 de
795 877 911 945 ipso
951 876 1216 940 certiores,
1257 877 1442 928 dantes
1484 876 1603 927 Deo
1646 875 1884 944 gloriam,

152 959 361 1028 ipsique
399 960 752 1012 omnimodam
781 959 1120 1011 dilectionem
1153 960 1523 1029 promittentes
1557 968 1612 1011 et
1637 959 1886 1011 obedien-

152 1042 297 1094 tiam.

224 1125 415 1177 Paucis
450 1126 638 1177 diebus
670 1127 1011 1196 postmodum
1049 1126 1299 1189 decursis,
1327 1126 1440 1195 ipse
1476 1126 1721 1177 omnibus
1747 1125 1887 1176 vale·
1908 1145 1982 1194 odo
1996 1146 2093 1178 takes

151 1209 347 1272 dicens,
396 1228 502 1261 non
551 1210 664 1261 sine
714 1209 894 1262 dolore
945 1209 1182 1261 omnium
1220 1218 1328 1261 tam
1378 1209 1754 1261 monachorum
1790 1209 1887 1260 sci-
1908 1187 2054 1261 iigttigy
2068 1191 2104 1219 ω

151 1293 292 1356 licet,
341 1311 501 1362 quam
564 1302 620 1345 et
676 1293 889 1356 civium,
951 1311 1085 1362 quos
1146 1293 1367 1344 mellitis
1425 1292 1758 1345 sermonibus
1823 1293 1889 1343 ad

151 1377 442 1429 caelestium
479 1377 845 1429 mandatorum
878 1376 1169 1429 custodiam
1204 1377 1513 1445 frequenter
1550 1376 1738 1428 solitus
1776 1385 1890 1427 erat

149 1460 453 1524 informare,
492 1460 595 1512 iter
626 1460 875 1513 veniendi
914 1461 1129 1512 BeHum
1163 1461 1408 1530 arripuit,
1436 1469 1599 1530 atque
1626 1479 1689 1512 eo
1714 1460 1886 1529 pridie

148 1563 311 1596 nonas
335 1543 574 1613 Augusti
596 1545 856 1614 pervenit,
899 1553 1207 1596 occurrente
1242 1545 1291 1595 ei
1323 1545 1556 1596 universi
1581 1545 1887 1596 monasterii

148 1628 571 1697 congregatione,
600 1646 830 1698 eumque
868 1647 989 1680 cum
1015 1628 1219 1679 solenni
1257 1636 1312 1679 et
1344 1628 1653 1680 laetabunda
1675 1647 1885 1696 proces-

148 1712 294 1764 sione
343 1712 684 1781 suscipiente.
786 1712 1131 1764 Introductus
1180 1713 1236 1763 in
1298 1712 1694 1774 monasterium,
1745 1713 1887 1763 facta

148 1797 385 1848 oratione
416 1796 715 1847 universam
741 1795 1203 1864 congregationem
1228 1796 1460 1865 suscepit
1484 1796 1541 1846 in
1565 1796 1710 1864 pacis
1736 1814 1886 1847 oscu-

147 1881 299 1945 lum,¹
347 1881 529 1949 sicque
569 1879 626 1932 in
666 1881 960 1951 capitulum
990 1890 1071 1932 est
1111 1881 1416 1950 perductus,
1460 1881 1698 1950 regulam
1741 1881 1885 1933 beati

148 1964 429 2017 Benedicti
455 1965 520 2016 de
551 1965 842 2017 ordinando
878 1966 1071 2016 abbate
1105 1965 1216 2015 illic
1250 1966 1547 2017 auditurus.
1626 1964 1732 2016 Sed
1764 1984 1884 2016 cum

143 2049 372 2118 plurima
407 2048 594 2118 populi
632 2048 924 2100 multitudo
952 2065 1074 2117 quae
1114 2049 1180 2099 ad
1215 2048 1407 2098 samam
1448 2047 1584 2099 tanti
1620 2048 1721 2099 viri
1765 2067 1886 2100 con-

146 2141 395 2196 currerat,
445 2140 567 2201 post
615 2151 737 2183 eum
786 2151 1011 2201 sequens
1063 2140 1210 2184 tanto
1269 2132 1477 2199 impetu
1524 2131 1770 2196 irrueret,
1823 2142 1885 2184 ut

145 2217 298 2268 facile
335 2214 506 2268 arceri
535 2235 643 2268 non
679 2224 876 2285 posset,
927 2216 1040 2285 ipse
1085 2215 1236 2267 fratri
1287 2215 1381 2284 qui
1423 2215 1658 2266 lecturus
1710 2234 1883 2267 coram

145 2319 206 2352 eo
230 2307 554 2369 processerat
577 2299 773 2362 innuit,
801 2310 865 2350 ut
890 2300 1105 2350 omnino
1130 2299 1196 2350 ab
1236 2299 1352 2367 ipsa
1383 2299 1610 2350 lectione
1638 2307 1878 2361 cessaret,

143 2392 409 2452 ruptoque
437 2402 508 2434 ex
532 2382 779 2450 regulari,
807 2382 1189 2435 consuetudine
1225 2382 1455 2445 silenti0‚
1491 2383 1547 2435 in
1572 2383 1880 2452 hujusmodi

143 2468 299 2518 verba
318 2467 523 2535 erupit3
563 2474 676 2517 erat
700 2467 841 2517 enim
866 2466 1178 2517 universitas
1198 2466 1422 2517 fratrum
1447 2466 1523 2517 ibi
1546 2476 1874 2536 congregata.

216 2555 251 2578 “
271 2549 462 2612 Satis,'’
506 2549 704 2617 inquit,
754 2554 786 2578 ‘⁶
812 2549 1082 2618 perpendo
1131 2549 1320 2600 fratres
1363 2550 1626 2602 karissimi
1675 2569 1747 2602 ex
1797 2551 1875 2602 of-
1898 2572 2117 2605 Hisaddress

142 2633 265 2685 ficio
306 2634 452 2702 quod
494 2633 626 2684 mihi
662 2633 992 2684 extrinsecus
1033 2632 1317 2696 exhibetiS,
1355 2653 1514 2702 quam
1550 2635 1702 2703 pium
1739 2636 1873 2687 circa
1894 2616 2003 2688 ἷῖἶεῗέῗ
2024 2616 2128 2647 ”mk

142 2736 226 2768 me
268 2717 584 2768 intrinsecus
626 2718 874 2768 affectum
913 2716 1169 2768 habeatis,
1246 2717 1425 2768 Nullis
1472 2736 1701 2787 namque
1744 2720 1875 2770 meis

142 2801 564 2871 praecedentibus
599 2800 822 2864 meritis,
859 2819 944 2851 me
974 2801 1122 2852 vobis
1157 2819 1265 2851 non
1304 2801 1429 2852 satis
1458 2803 1728 2870 cognitum
1761 2822 1876 2854 ves-

143 2886 318 2954 trique
361 2885 606 2936 notitiam
648 2884 824 2936 minus
866 2884 1170 2947 habentem,
1222 2885 1358 2936 tanti
1399 2886 1704 2937 habendum
1752 2905 1873 2937 cen-

141 2970 336 3032 suistis,
381 2969 608 3020 utvlicet
640 2969 816 3020 minus
848 2968 1118 3032 idoneum,
1159 2969 1337 3032 immo,
1380 2978 1442 3020 ut
1479 2970 1655 3021 verius
1687 2970 1870 3033 fatear,

142 3053 354 3104 omnino
393 3052 690 3120 indignum,
718 3053 866 3104 vobis
897 3061 1073 3103 tamen
1103 3053 1317 3103 nomine
1347 3061 1402 3103 et
1439 3053 1613 3104 officio
1648 3055 1873 3122 pastoris

142 3136 453 3187 omnimodis
488 3135 690 3204 praefici
722 3136 1013 3198 volueritis,
1049 3137 1368 3188 renitentem
1403 3155 1500 3187 nec
1534 3138 1872 3205 adquiescere

140 3220 403 3272 volentem
446 3219 827 3287 compuleritis,
878 3219 1105 3270 invitum
1149 3228 1204 3270 et
1246 3228 1486 3271 coactum
1528 3221 1594 3271 ad
1638 3222 1874 3289 qualem-

142 3321 351 3373 cunque
417 3303 629 3354 tandem
697 3321 1010 3353 consensum
1066 3303 1441 3370 perduxeritiS.
1540 3303 1733 3356 Fateor
1788 3326 1872 3358 me

140 3394 333 3449 tamen,
374 3387 545 3438 adhuc
583 3394 806 3437 nutante
845 3386 1134 3448 voluntate,
1177 3387 1241 3437 de
1284 3387 1399 3455 ipso
1439 3406 1698 3440 consensu
1742 3409 1873 3442 non-

199 3501 211 3527 ¹
242 3502 483 3559 According
516 3509 560 3544 to
600 3502 672 3546 the
713 3509 877 3545 custom
919 3503 966 3545 of
992 3502 1063 3545 the
1100 3518 1192 3546 new
1227 3503 1372 3546 Abbot
1405 3518 1458 3546 on
1491 3504 1611 3548 these
1640 3507 1871 3551 occasions.

141 3558 220 3602 See
242 3560 449 3614 Martene,
478 3559 581 3603 ibid.
