2398 4152
920 402 1246 442 APPENDIX.
1850 392 1951 444 189

999 544 1133 596 VII.

220 659 409 710 Libera
441 656 682 725 Stiyandi
717 655 971 723 Episcopi
1001 653 1263 706 Cicestriae
1304 653 1366 704 de
1406 653 1726 703 immunitate
1769 670 1802 702 a
1835 653 1950 702 sub-

153 809 156 812 *
241 742 468 810 jectione
491 739 744 807 Episcopi
772 737 1415 806 Cicestriae.—-Reyistrum
1441 736 1502 786 de
1526 736 1697 797 Bello,
1715 755 1767 804 p.
1795 737 1912 788 158.

289 865 407 932 Ego
444 862 730 931 Stigandus
757 862 1028 914 Cicestriae
1064 860 1298 912 ecclesiae
1333 860 1627 928 episcopuS‚
1653 877 1868 910 assensu
1894 849 1949 909 et

218 947 488 999 voluntate
515 945 751 997 omnium
777 945 1146 997 canonicorum
1185 962 1441 1006 meorum,
1482 943 1732 994 confirmo
1773 960 1952 994 omnes

221 1030 504 1097 dignitates
538 1037 594 1080 et
616 1028 903 1091 libertates,
936 1035 1044 1079 tam
1082 1026 1455 1078 ecclesiasticas
1481 1045 1639 1094 quam
1674 1027 1951 1088 seculares,

222 1130 565 1182 quascunque
589 1129 688 1162 rex
714 1110 1039 1163 Williehnus
1064 1110 1311 1161 fundator
1339 1110 1572 1161 ecclesiae
1602 1109 1782 1161 Sancti
1807 1108 1955 1161 Mar-

221 1196 322 1248 tini
362 1196 427 1247 de
468 1194 620 1247 Bello
652 1193 822 1244 eidem
847 1193 1081 1245 ecclesiae
1113 1192 1386 1254 concessit,
1416 1200 1471 1244 et
1496 1192 1652 1244 cartis
1690 1192 1799 1243 suis
1831 1210 1955 1243 con-

222 1278 464 1331 firmavit·
556 1276 800 1328 Concedo
844 1276 1002 1328 etiam
1048 1285 1110 1327 ut
1155 1276 1199 1327 si
1241 1275 1509 1344 provincia
1545 1275 1638 1326 illa
1674 1275 1958 1344 episcopali

224 1361 487 1414 sententia
533 1379 631 1429 pro
672 1359 852 1427 aliqua
889 1378 945 1410 re
986 1360 1268 1411 interdicta
1305 1359 1470 1410 fuerit
1516 1358 1735 1411 ecclesia
1776 1358 1957 1410 Sancti

224 1445 450 1497 Martini
475 1445 540 1496 de
567 1443 721 1495 Bello
746 1461 852 1494 non
871 1443 1112 1507 cessabit,
1140 1443 1232 1494 sed
1258 1443 1302 1494 si
1326 1443 1466 1494 infra
1488 1442 1680 1493 factam
1704 1441 1956 1493 interdic-

223 1529 422 1581 tionem
457 1528 649 1596 aliquis
684 1527 956 1596 praedictae
999 1527 1230 1579 ecclesiae
1266 1526 1429 1577 frater
1467 1534 1562 1577 aut
1600 1544 1744 1577 soror
1786 1534 1955 1577 morte

222 1620 506 1682 preventus
529 1611 586 1663 in
609 1610 878 1680 provincia
902 1610 1114 1680 sepeliri
1137 1629 1245 1662 non
1269 1609 1455 1679 possit,
1481 1609 1738 1678 requisita
1760 1627 1957 1659 memo-

221 1704 335 1748 rata
368 1694 588 1746 ecclesia
628 1693 809 1745 Sancti
840 1693 1083 1757 Martini,
1120 1693 1391 1744 licentiam
1431 1692 1722 1762 sepeliendi
1757 1693 1956 1760 absque

222 1778 365 1830 omni
399 1777 698 1847 calumpnia
731 1776 1016 1845 episcopali
1040 1776 1248 1839 habeat,
1284 1776 1386 1827 nisi
1413 1776 1551 1827 forte
1576 1775 1622 1826 is
1649 1775 1743 1843 qui
1769 1774 1959 1844 sepeli-

223 1862 390 1914 endus
427 1869 508 1913 est
542 1859 931 1912 interdictionis
966 1859 1130 1910 fuerit
1168 1878 1338 1911 causa.
1414 1859 1605 1928 Sitque
1643 1860 1804 1910 abbas
1848 1875 1959 1909 suae

224 1944 460 1996 ecclesiae
485 1951 540 1995 et
563 1943 736 2011 leugae
763 1943 1181 2017 circumjacentis
1199 1943 1372 2012 judex
1398 1950 1452 1994 et
1477 1943 1751 2006 dominus3
1791 1943 1858 1993 ad
1877 1960 1961 2010 sy-

223 2029 422 2080 nodum
458 2045 582 2079 vero
627 2027 788 2079 abbas
830 2045 938 2079 non
977 2035 1388 2089 summoneatur,
1423 2044 1599 2095 neque
1633 2026 1685 2077 vi
1725 2033 1960 2094 cogatur,

225 2113 317 2164 sed
340 2112 384 2163 si
409 2111 761 2164 forisfacturae
785 2110 1199 2163 Christianitatis
1223 2110 1448 2179 alicujus
1486 2111 1564 2161 rei
1590 2110 1728 2162 infra
1751 2110 1962 2179 leugam

225 2197 561 2266 contigerint,
595 2216 769 2249 coram
805 2197 995 2248 abbate
1034 2196 1357 2248 diffiniendae
1394 2196 1709 2258 referantur,
1745 2196 1965 2247 habeat-

227 2300 331 2351 que
357 2281 577 2333 ecclesia
607 2280 662 2334 S.
692 2280 916 2332 Martini
951 2280 1374 2332 emendationem
1398 2280 1767 2342 forisfacturae,
1790 2279 1964 2347 poeni-

226 2365 449 2417 tentiam
474 2382 597 2417 vero
622 2363 804 2416 delicti
828 2363 906 2415 rei
931 2364 996 2415 ab
1024 2363 1271 2432 episcopo
1296 2363 1603 2432 percipiant.
1671 2363 1963 2431 Liceatque

226 2449 394 2519 ipsius
432 2448 668 2500 ecclesiae
705 2448 884 2499 abbati
920 2448 1003 2499 vel
1040 2448 1308 2499 monachis
1345 2447 1454 2499 suis
1491 2466 1522 2498 a
1551 2447 1794 2515 quolibet
1828 2446 1968 2515 epis-

229 2551 361 2601 copo
404 2531 500 2583 ubi
537 2531 821 2594 voluerint,
868 2531 952 2582 vel
989 2531 1083 2582 ubi
1121 2531 1437 2599 oportunius
1476 2530 1657 2592 fuerit,
1693 2530 1758 2581 ad
1796 2548 1968 2582 sacros

226 2615 436 2667 ordines
471 2615 771 2684 promoveri
796 2614 986 2678 facere,
1014 2616 1213 2683 absque
1251 2615 1362 2666 ulla
1399 2614 1698 2683 calumpnia
1722 2613 1806 2664 vel
1843 2632 1967 2665 con-

225 2699 538 2750 tradictione
576 2698 812 2750 ecclesiae
837 2698 1125 2762 Cicestriae3
1163 2718 1222 2751 or
1244 2699 1543 2750 dinationes
1580 2716 1813 2766 quoque,
1842 2716 1968 2748 con-

224 2782 547 2834 firmationes
572 2782 838 2845 altarium,
866 2783 1282 2834 consecrationes
1319 2801 1585 2833 sacrorum
1620 2800 1863 2833 vasorum
1887 2780 1972 2831 vel

224 2866 465 2928 vestium,
506 2866 828 2934 episcopales
877 2866 1293 2930 benedictiones,
1333 2866 1389 2916 in
1428 2866 1552 2935 ipso
1608 2865 1725 2916 loco
1762 2864 1972 2916 abbatis

224 2948 306 2999 vel
341 2949 718 3001 monachorum
755 2950 1102 3020 requisitione
1143 2970 1174 3002 a
1213 2951 1457 3019 quolibet
1495 2949 1741 3018 episcopo
1790 2948 1906 3000 fieri
1943 2967 1974 2999 a

225 3031 372 3083 nullo
409 3033 806 3101 prohibeantur.
883 3034 1026 3085 Illud
1062 3035 1223 3087 etiam
1248 3033 1636 3086 successoribus
1668 3032 1800 3083 meis
1838 3032 1973 3101 epis-

226 3115 370 3183 copis
408 3123 597 3167 notum
641 3117 727 3179 sit,
774 3118 917 3184 quod
959 3137 1065 3169 non
1104 3119 1331 3169 debeant
1379 3119 1435 3168 in
1483 3116 1687 3185 prefata
1731 3115 1973 3166 ecclesia-

226 3199 377 3265 quasi
404 3201 526 3268 jure
560 3201 1022 3253 consuetudinario
1066 3202 1247 3253 missas
1282 3201 1563 3263 celebrare,
1592 3200 1694 3250 nisi
1720 3200 1786 3250 ab
1812 3200 1974 3251 abba-

226 3281 368 3333 tibus
405 3283 491 3334 vel
521 3283 774 3335 fratribus
807 3284 1009 3336 fuerint
1043 3285 1308 3353 requisiti,
1350 3303 1447 3335 nec
1488 3283 1685 3334 ibidem
1726 3283 1974 3334 benedic-

226 3364 396 3417 tiones
424 3367 508 3418 vel
544 3367 901 3419 ordinationes
934 3369 1105 3420 facere
1144 3388 1319 3437 neque
1360 3368 1661 3420 cathedram
1696 3367 1969 3431 collocare,

224 3466 321 3499 nec
354 3450 411 3501 in
444 3451 692 3502 maneriis
728 3452 793 3502 ad
820 3452 1122 3505 abbathiam
1148 3452 1540 3523 pertinentibus
1566 3459 1761 3521 praeter
1785 3451 1971 3501 volun-

231 3539 394 3583 tatem
419 3534 627 3585 abbatis
652 3535 924 3603 hospitari.
954 3574 965 3586 .
997 3574 1009 3586 .
1041 3575 1052 3586 .
