2398 4152
198 1292 332 1327 'Alanus
346 1294 390 1328 de

200 1337 379 1378 Bellafago

198 1378 327 1410 refuses
342 1378 401 1410 the

199 1419 333 1450 Abbots
344 1429 404 1451 en-

199 1460 436 1501 tertainment,

200 1501 270 1532 and
285 1502 378 1543 gives

199 1543 332 1575 further

199 1584 329 1617 offence

478 463 580 514 122
964 474 1253 516 HISTORIA
1291 473 1705 515 FUNDATIONIS

474 598 606 650 Post
642 598 978 667 aliquantum
1002 599 1127 650 vero
1164 598 1522 663 institutionis
1559 617 1670 650 suae
1707 606 1938 667 tempus,
1964 616 2063 667 pro
2100 616 2225 649 con·

472 683 758 735 suetudine
797 701 1001 746 eorum,
1043 683 1139 751 qui
1173 666 1352 734 novasx
1371 683 1672 752 suscipiunt
1720 682 2223 745 administrationes,

469 767 675 837 praedia
699 775 756 818 et
779 767 1140 836 possessiones
1164 767 1222 818 in
1248 767 1465 819 diversis
1492 775 1552 835 et·
1569 767 1789 819 remotis
1813 766 2058 835 partibus
2081 766 2225 836 posi—

471 860 568 915 tas,
595 851 767 919 gratia
785 850 1104 902 visitationis
1129 851 1392 913 aditurus,
1412 851 1741 921 presbyteris
1767 859 1823 902 et
1847 851 2052 903 clericis
2076 851 2227 902 dota·
2308 839 2322 880 3

469 937 605 988 lium
643 936 985 989 ecclesiarum
1024 955 1156 1006 quas
1194 936 1252 987 in
1290 937 1536 1000 Essexia,
1565 936 1937 1000 Northfolkia,
1964 946 2020 989 et
2059 936 2226 988 Suth-
2295 921 2299 925 ⁴

469 1021 639 1074 folkia
663 1021 791 1073 sitas
815 1021 1224 1074 memoravimus
1244 1022 1394 1073 dedit
1409 1022 1466 1073 in
1481 1022 1761 1085 mandatis,
1782 1029 1848 1073 ut
1866 1021 1969 1073 sibi
1988 1021 2226 1090 suisque,

469 1126 567 1176 pro
594 1107 776 1158 debita
799 1107 1202 1171 consuetudine,
1231 1107 1457 1159 duarum
1493 1115 1856 1176 praepararent
1891 1106 1950 1158 in
1987 1094 2230 1159 ecclesia-

471 1210 592 1242 rum
634 1191 1062 1261 possessionibus
1103 1192 1340 1261 hospitia
1367 1192 1626 1244 noctium.

547 1275 870 1328 Perveniens
910 1294 1082 1345 usque
1113 1276 1408 1328 Brantham
1444 1275 1622 1327 nuntii
1658 1275 1890 1345 bajulus,
1933 1274 2111 1326 Alano
2158 1275 2224 1326 de

476 1359 752 1429 Bellafago
771 1361 1081 1412 mandatum
1103 1361 1312 1412 abbatis
1339 1360 1602 1430 porrexit,
1634 1360 1728 1412 sed
1751 1360 1842 1411 ille
1869 1360 1936 1411 ad
1968 1379 2092 1411 eum
2125 1378 2226 1410 nec

474 1452 537 1495 ut
571 1445 848 1496 dominum
880 1464 978 1496 nec
1004 1453 1067 1496 ut
1090 1445 1357 1513 hospitem
1382 1443 1782 1512 suscipiendum
1806 1443 2077 1495 ullatenus
2103 1463 2227 1495 con-

475 1528 657 1592 sensit,
703 1547 758 1580 se
805 1529 957 1580 nullo
1005 1529 1314 1598 hujusmodi
1365 1528 1502 1578 circa
1546 1546 1671 1579 eum
1715 1546 1952 1579 asserens
2002 1527 2228 1597 obligari

475 1612 677 1664 debito.
766 1612 999 1663 Distulit
1023 1613 1187 1664 abbas
1212 1613 1280 1663 ad
1304 1619 1518 1680 tempus
1545 1619 1711 1663 tantae
1737 1611 1953 1681 injuriae
1978 1612 2227 1682 tantique

473 1705 812 1767 contemptus
846 1697 1109 1748 ultionem
1135 1715 1397 1765 quaerere,
1439 1695 1484 1746 si
1510 1695 1649 1746 forte
1676 1695 1821 1747 idem
1857 1694 2066 1747 Alanus
2089 1695 2148 1747 in
2172 1715 2228 1748 se

470 1782 684 1834 rediens
718 1782 881 1834 vellet
923 1781 1250 1850 resipiscere.
1338 1779 1576 1831 Cernens
1617 1779 1827 1831 Alanus
1868 1799 1922 1831 se
1966 1799 2078 1832 rem
2118 1789 2228 1832 tam

470 1875 955 1936 praesumptuosam
979 1866 1201 1935 impune
1229 1864 1497 1928 transisse,
1524 1883 1621 1916 nec
1648 1863 1722 1915 sic
1748 1873 2048 1929 contentus,
2087 1864 2229 1916 malo

470 1952 626 2020 pejus
672 1951 885 2003 studuit
924 1950 1171 2020 adjicere.
1237 1949 1454 2001 Abbate
1494 1967 1727 2016 namque
1772 1956 1952 2017 partes
1993 1948 2128 2012 illas,
2171 1949 2229 2000 in
2284 1951 2322 2001 ιζ’

473 2035 672 2103 quibus
709 2042 1017 2086 memoratae
1055 2034 1257 2086 dotales
1295 2034 1534 2086 ecclesiae
1570 2034 1688 2084 sitae
1727 2033 1997 2096 videntur,
2032 2032 2228 2083 iterato
2300 2035 2311 2046 ⁹

473 2119 723 2182 adeunte,
765 2119 994 2188 contigit
1031 2137 1155 2170 eum
1190 2119 1248 2170 in
1282 2118 1577 2170 festivitate
1606 2117 1864 2169 transitus
1904 2117 2054 2169 beati
2079 2117 2228 2169 Mar·
2307 2112 2310 2126 ’

472 2204 574 2255 tini
593 2223 766 2273 usque
792 2203 1182 2266 Mendlesham,
1206 2204 1359 2273 cujus
1386 2203 1646 2255 territorii
1671 2203 1892 2254 ecclesia
1917 2221 2025 2253 una
2049 2210 2131 2254 est
2156 2220 2229 2253 ex
2300 2262 2308 2278 ᾧ

474 2289 743 2341 dotalibus
767 2288 1065 2358 pervenire,
1105 2297 1161 2340 et
1185 2288 1244 2339 in
1270 2288 1507 2339 ecclesiae
1533 2287 1865 2357 possessione
1891 2294 2056 2356 prout
2077 2287 2230 2338 dece·
2305 2286 2317 2349 ἶ

471 2374 567 2425 bat
599 2393 630 2425 a
653 2391 881 2443 persona
912 2372 1152 2442 ejusdem
1179 2371 1416 2423 ecclesiae
1442 2371 1746 2441 antiquitus
1770 2371 2020 2422 instituta
2045 2370 2230 2422 With·
2294 2359 2310 2391 '4

471 2477 599 2527 garo
623 2458 839 2525 nomine
866 2464 1193 2525 susceptum,
1236 2455 1614 2507 solennitatem
1655 2455 1870 2524 patroni
1906 2455 1990 2506 sui
2026 2455 2231 2506 ibidem

473 2543 737 2594 celebrem
762 2560 934 2611 agere.
998 2540 1203 2593 Volens
1227 2540 1370 2591 idem
1399 2540 1718 2609 Withgarus
1745 2540 1855 2591 suis
1879 2547 2003 2609 post
2028 2557 2083 2590 se
2108 2558 2231 2608 pro-

471 2627 671 2690 videre,
713 2627 962 2677 abbatem
987 2624 1254 2690 convenit,
1295 2632 1359 2675 ut
1392 2626 1661 2693 quendam
1685 2624 1858 2676 filium
1886 2625 2002 2694 ejus
2028 2624 2232 2677 Nicho-

473 2710 619 2761 laum
643 2709 858 2761 nomine
884 2709 942 2759 in
965 2708 1135 2777 ipsam
1162 2707 1436 2759 eccles·Iam
1462 2709 1526 2759 de
1546 2708 1918 2760 Mendlesham
1944 2708 2231 2760 admitten-
2305 2714 2319 2766 χ’
2384 2705 2390 2733 ’-

476 2795 605 2846 dum
644 2793 984 2854 consentiret,
1012 2791 1181 2861 ipsius
1207 2792 1416 2843 abbatis
1441 2793 1856 2861 praesentatione
1894 2811 1990 2861 per
2030 2793 2234 2862 episco-
2302 2803 2315 2859 ζ’
2374 2812 2379 2835 s·

475 2897 607 2948 pum
640 2877 1051 2929 instituendum.
1127 2874 1413 2927 Consensit
1449 2877 1667 2927 tandem
1701 2877 1865 2927 abbas
1896 2877 1962 2927 ad
1997 2876 2232 2944 petentis
2377 2883 2388 2942 ‘j'

478 2962 808 3024 instantiam,
834 2960 1106 3012 mediante
1147 2966 1328 3010 tamen
1373 2960 1700 3022 conditione,
1742 2968 1805 3011 ut
1844 2959 2049 3011 scilicet
2092 2960 2236 3012 idem
2306 2951 2343 3007 ε’

478 3047 797 3115 Withgarus
836 3045 929 3114 qui
969 3052 1192 3095 eatenus
1229 3044 1446 3095 nomine
1490 3045 1732 3113 ejusdem
1771 3044 2010 3095 ecclesiae
2049 3044 2234 3096 decem

479 3140 691 3183 tantum
717 3130 913 3182 solidos
940 3128 1215 3179 annuatim
1244 3127 1488 3192 solverat,
1533 3128 1598 3178 de
1625 3136 1820 3179 caetero
1848 3128 2078 3179 solveret
2115 3128 2235 3181 xla.l
2367 3126 2376 3174 ⁷.

477 3216 643 3267 Facto
680 3215 936 3282 utrinque
971 3230 1248 3274 consensu,
1285 3211 1397 3262 dies
1425 3230 1487 3262 eo
1527 3212 1784 3263 statuitur
1811 3230 1920 3279 quo
1947 3230 2234 3264 consensus
2305 3219 2307 3228 ⁴

476 3301 681 3352 firmius
729 3299 1090 3350 roboraretur.
1170 3294 1344 3346 Adest
1382 3295 1468 3346 die
1515 3295 1870 3346 determinato
1910 3295 2073 3346 abbas
2113 3315 2235 3348 cum
2300 3274 2320 3366 Ι]Υ
2369 3298 2375 3320 s

478 3384 588 3436 suis
629 3383 772 3452 apud
799 3380 1197 3442 Colecestriam,
1235 3380 1387 3430 adest
1424 3387 1479 3430 et
1518 3397 1638 3430 cum
1680 3379 1793 3430 filio
1835 3398 1932 3430 suo
1971 3380 2236 3434 Nicholao
2295 3375 2317 3446 s
2364 3380 2370 3430 'j

540 3482 548 3507 ¹
586 3479 691 3522 This
725 3493 864 3521 seems
898 3493 922 3519 a
955 3477 1071 3534 large
1107 3477 1311 3518 increase.
1396 3475 1612 3533 pensions.
1673 3475 1753 3517 See
1785 3490 1904 3517 some
1938 3490 2039 3532 very
2065 3477 2237 3521 curious

473 3538 561 3580 But
603 3538 731 3580 about
771 3535 857 3578 this
890 3535 994 3576 time
1035 3535 1107 3576 the
1143 3533 1311 3575 Abbots
1395 3533 1638 3575 researches
1700 3547 1754 3574 on
1814 3532 1899 3575 this
1961 3534 2129 3589 subject
2189 3535 2234 3578 in
2362 3575 2366 3587 .-

471 3596 606 3651 begass
666 3604 710 3636 ¹³0
771 3606 944 3649 OPPreSS
1005 3591 1078 3633 the
1140 3590 1311 3637 inferior
1393 3587 1690 3648 [Wharton's]
1708 3589 1897 3633 Defence
1913 3591 1962 3634 of
1978 3591 2233 3647 Pluralities,
2291 3589 2368 3648 χέας

471 3653 627 3709 clergy‚
649 3651 732 3693 and
754 3657 879 3693 exact
900 3650 1010 3692 from
1033 3648 1150 3690 them
1173 3647 1309 3703 larger
1392 3662 1432 3704 p.
1460 3650 1555 3690 106.
