2398 4152
495 399 598 451 192
1204 409 1530 449 APPENDIX.

492 535 755 605 placitum
782 535 990 587 abbatis
1020 542 1076 585 et
1111 542 1403 586 conventus
1437 552 1640 586 moram
1662 536 1905 604 exegerit
1928 535 2242 604 longiorem,

491 619 608 689 ipse
648 619 705 671 et
742 619 880 671 alius
926 619 1215 670 monachus
1258 619 1516 683 visitator,
1569 619 1713 671 ultra
1753 620 1810 672 ii.
1851 619 1963 672 dies
2011 614 2070 671 in
2102 618 2246 670 dicto

492 705 815 756 monasterio
864 723 972 755 non
1013 711 1308 768 morentur,
1349 704 1542 755 abbate
1590 711 1646 755 et
1683 712 1949 756 conventu
1990 723 2086 774 per
2124 702 2246 754 illos

490 790 602 841 dies
626 789 1056 841 ministrantibus
1089 789 1192 841 sibi
1211 788 1505 840 necessaria
1529 789 1824 840 liberaliter
1849 797 1904 840 et
1926 788 2246 856 benigne.—

491 874 617 943 Ipse
648 893 773 927 vero
810 874 1092 943 episcopus
1120 873 1395 925 Cicestriae
1423 874 1488 925 de
1516 873 1749 925 triennio
1775 873 1833 925 in
1857 872 2151 925 triennium
2176 872 2245 923 ad

486 959 867 1012 monasterium
891 959 1070 1028 ipsum
1096 977 1217 1010 cum
1242 977 1373 1011 xxv.
1412 958 1732 1027 equitaturis
1758 957 1921 1010 semel
1943 957 2244 1026 hospitatu-

485 1063 577 1095 rus
603 1045 849 1096 accedat.
927 1043 1041 1098 Qui
1060 1043 1199 1095 nihil
1239 1043 1448 1096 ibidem
1493 1043 1739 1112 corrigat,
1766 1061 1864 1094 nec
1904 1042 2243 1111 aliquatenus

484 1129 685 1195 visitet,
721 1138 776 1181 et
813 1128 1021 1198 aliquid
1043 1129 1135 1198 jus
1162 1128 1461 1198 episcopale
1488 1128 1566 1179 ibi
1590 1128 1677 1179 vel
1700 1127 1842 1181 infra
1867 1114 2244 1196 circumjacen-

485 1223 597 1266 tem
637 1215 853 1283 leugam
891 1232 1001 1266 non
1040 1221 1307 1276 exerceat,
1347 1213 1451 1264 nisi
1490 1213 1698 1264 abbatis
1726 1220 1781 1263 et
1802 1221 2094 1263 conventus
2119 1229 2240 1279 pre-

483 1298 636 1351 cibus
661 1306 944 1361 exoratus3
973 1306 1154 1349 tamen
1178 1297 1476 1367 capitulum
1495 1306 1706 1350 tantum
1725 1296 1932 1366 ingredi
1952 1294 2154 1366 poterit
2172 1294 2241 1345 ad

481 1385 893 1453 proponendum
929 1383 1152 1434 verbum
1197 1382 1587 1434 Domini.—Et
1630 1382 1912 1451 episcopus
1963 1372 2238 1432 Cicestriae

483 1468 579 1536 qui
618 1486 762 1519 nunc
798 1475 896 1530 est,
926 1475 981 1518 et
1015 1466 1098 1519 sui
1141 1485 1467 1518 successores
1502 1467 1666 1518 semel
1692 1468 1870 1536 quoad
1898 1465 2153 1529 vixerint,
2180 1464 2238 1516 in

481 1571 578 1604 suo
614 1552 789 1622 primo
829 1553 1063 1604 adventu
1100 1552 1471 1604 tantummodo
1510 1551 1712 1602 ibidem
1747 1570 1868 1603 cum
1900 1550 2238 1620 processione

480 1637 841 1707 suscipiantur
876 1637 943 1688 ab
969 1637 1062 1689 eis,
1139 1636 1395 1688 Monachi
1419 1654 1544 1688 vero
1571 1635 1851 1688 ordinandi
1882 1635 2145 1687 accedant
2171 1635 2239 1687 ad

481 1721 692 1773 ordines
719 1721 956 1791 episcopi
988 1720 1597 1773 memorati.—-Vacante
1624 1720 1824 1789 capella
1864 1719 1920 1772 S.
1948 1719 2143 1773 Mariae
2170 1719 2237 1771 de

481 1806 637 1859 Bello
670 1814 1038 1877 presentatum
1072 1806 1138 1858 ab
1174 1806 1366 1857 abbate
1399 1813 1454 1857 et
1479 1814 1745 1857 conventu
1771 1804 2027 1874 predictis
2060 1803 2238 1874 capel-

477 1892 660 1944 lanum
691 1892 947 1944 idoneum
972 1891 1039 1943 ad
1064 1891 1304 1954 eandem,
1335 1889 1608 1942 Cicestriae
1635 1889 1915 1959 episcopus
1951 1888 2234 1942 admittere

478 1985 743 2041 teneatur,
784 1977 872 2029 cui
906 1994 1086 2028 curam
1120 1975 1360 2027 tribuens
1398 1974 1695 2027 animarum
1731 1974 2128 2027 institutionem
2151 1974 2235 2043 ip-

478 2062 587 2114 sius
611 2061 874 2132 praedicto
894 2059 1077 2112 abbati
1101 2059 1357 2111 remittat.
1436 2059 1551 2112 Qui
1576 2077 1698 2112 cum
1723 2059 2040 2111 auctoritate
2065 2057 2236 2127 ipsius

478 2146 714 2216 episcopi
740 2147 1000 2198 decanum
1035 2144 1287 2197 instituet
1322 2143 1583 2213 predictae
1623 2143 1799 2211 leugae
1843 2143 1982 2196 circa
2023 2161 2233 2195 monas-

477 2231 676 2283 terium
724 2229 1032 2301 adjacentiS‚
1093 2238 1150 2281 et
1187 2229 1471 2281 institutus
1512 2228 1698 2280 habita
1739 2228 2133 2298 jurisdictione·
2165 2228 2232 2281 ab

477 2316 724 2386 episcopo
754 2314 1050 2378 Cicestriae,
1091 2314 1156 2365 de
1191 2314 1362 2367 causis
1397 2313 1647 2365 omnibus
1682 2312 1824 2366 infra
1858 2313 2072 2382 leugam
2107 2331 2232 2367 ean-.-

474 2402 596 2453 dam
620 2401 798 2453 liberev
815 2408 870 2452 et
888 2399 1133 2451 absolute
1160 2407 1441 2468 cognoscat
1465 2407 1521 2450 et
1545 2398 1814 2461 terminet,
1838 2397 1978 2450 sicut
2001 2398 2234 2451 rationa-

473 2486 654 2538 biliter
699 2503 786 2537 eas
821 2483 1017 2536 viderit
1053 2483 1431 2547 terminandaS,
1478 2482 1722 2552 exceptis
1771 2482 2136 2535 criminalibus
2180 2490 2237 2535 et

471 2569 954 2623 matrimonialibus
994 2567 1194 2632 causis3
1238 2587 1370 2637 quas
1396 2586 1517 2619 cum
1545 2576 1678 2619 ortae
1713 2567 1919 2619 fuerint
1951 2568 2232 2637 episcopus

471 2658 558 2710 vel
598 2658 716 2726 ejus
743 2653 982 2707 officialis
1022 2661 1178 2724 extra
1213 2653 1427 2722 leugam
1471 2653 1640 2722 ipsam
1684 2652 1868 2704 audiat
1911 2660 1967 2705 et
2001 2652 2229 2716 decidat,

470 2742 714 2812 predicto
753 2741 953 2792 decano
994 2738 1070 2790 eis
1110 2738 1462 2790 nihilominus
1503 2739 1560 2791 in
1602 2757 1785 2791 earum
1830 2737 2228 2806 cognitionibus

471 2812 755 2889 assidente,
781 2832 1085 2876 nec'tamen
1112 2823 1428 2885 diffiniente,
1461 2831 1516 2873 et
1542 2831 1651 2874 tam
1684 2823 1921 2892 ipsarum
1957 2822 2230 2874 matrimo-

469 2911 694 2963 nialium
721 2918 776 2961 et
800 2908 1159 2961 criminalium
1185 2926 1482 2971 causarum,
1511 2927 1671 2977 quam
1698 2915 1753 2959 et
1778 2907 2000 2958 aliarum
2026 2906 2230 2959 emolu-

470 3005 714 3048 mentum
756 2995 823 3046 ad
862 2994 1110 3046 abbatem
1148 2993 1317 3044 libere
1357 3011 1417 3043 ac
1453 2993 1661 3061 integre
1701 2991 2042 3043 redundabit.
2133 2991 2227 3043 Li-

472 3090 588 3133 ceat
612 3081 831 3149 insuper
855 3078 913 3129 in
933 3077 1207 3147 praedictis
1245 3076 1416 3128 causis
1454 3076 1559 3128 hiis
1596 3076 1690 3145 qui
1729 3076 1793 3127 de
1822 3076 1944 3145 jure
1970 3084 2230 3145 poterunt

469 3167 536 3218 ab
586 3166 778 3218 abbate
833 3172 928 3215 seu
984 3163 1184 3215 decano
1234 3161 1489 3231 predictis
1547 3161 1613 3212 ad
1671 3160 2036 3230 supradictum
2089 3162 2227 3231 epis-

468 3269 663 3320 copum
706 3248 991 3318 appellare.
1067 3247 1339 3299 Correctio
1392 3264 1609 3316 quoque
1651 3245 1838 3298 decani
1881 3246 2121 3315 ejusdem
2158 3247 2225 3300 ad

467 3338 716 3388 abbatem
755 3332 1020 3385 ordinarie
1059 3339 1284 3401 spectet,
1322 3331 1469 3399 quod
1503 3331 1547 3382 si
1582 3329 1938 3383 denunciante
1970 3330 2221 3401 episcopo

467 3421 696 3474 eundem
743 3417 1004 3485 corrigere
1058 3415 1382 3485 neglexerit,
1430 3415 1851 3484 delinquentem,
1899 3423 2029 3467 tunc
2080 3416 2222 3485 epis-

468 3523 633 3574 copus
657 3504 771 3572 ipse
799 3501 1028 3570 corrigat
1062 3520 1187 3552 eum
1224 3500 1617 3554 rationabiliter
1642 3518 1700 3553 ac
1728 3499 1969 3552 discrete.
2049 3500 2223 3553 Tene-

463 3602 585 3642 atur
632 3587 794 3639 etiam
846 3586 990 3637 idem
1040 3585 1272 3638 decanus
1318 3585 1564 3637 accedere
1627 3585 1693 3636 ad
1740 3584 2006 3653 synodum
2042 3585 2212 3654 ipsius
