2398 4152
329 0 463 20 FVNW'*
501 0 570 14 “ww‘'
590 0 595 10 *
608 0 670 6 ’“”“
707 0 721 5 ⁴*
777 0 864 10 ‘'⁹³¹''
893 0 961 17 “’“ι““

452 439 521 489 48
942 444 1219 486 HISTORIA
1270 442 1688 485 FUNDATIONIS*

449 574 635 624 bertus
705 576 1058 638 cognomento
1137 565 1203 618 de
1266 565 1502 634 Ciltuna,
1591 565 1988 636 invenissetque
2024 569 2026 572 ’
2051 565 2198 618 ‘illud

448 656 687 723 undique
750 653 1078 715 distractum,
1132 649 1301 719 coepit
1362 667 1544 700 causas
1599 650 1666 700 ab
1727 650 1845 719 ipso
1904 650 2197 720 praeposito

446 739 814 805 rationemque
848 735 1119 804 requirere
1143 732 1497 786 villicationis.
1573 733 1688 788 Qui
1711 752 1833 786 cum
1857 735 2073 787 domino
2099 752 2197 786 suo

439 824 553 891 jam
602 820 856 873 defuncto
906 837 961 870 se
1004 817 1129 869 inde
1174 816 1490 869 satisfecisse
1532 817 1773 881 referret,
1823 836 1921 870 nec
1970 818 2044 870 sic
2093 818 2195 870 iste

445 905 790 974 adquiescens
815 911 978 955 testes
1003 902 1263 970 exigeret,
1304 902 1521 952 tandem
1547 901 1848 953 convictum
1871 901 1930 953 in
1954 901 2196 972 ejusdem

445 989 668 1040 manerii
693 987 894 1039 curiam
920 986 1197 1055 compulit.
1252 983 1498 1054 Cumque
1517 985 1570 1037 vi
1595 985 1859 1037 nobilium
1883 986 2193 1054 provinciae,

446 1092 581 1141 quos
625 1073 728 1124 sibi
765 1072 1038 1135 asciverat,
1080 1069 1329 1140 aequitati
1362 1088 1549 1139 parere
1582 1070 1797 1138 penitus
1828 1070 2192 1135 detrectasset,

445 1176 568 1208 eum
609 1175 840 1225 suosque
880 1163 1189 1225 praesentes,
1219 1173 1289 1205 ex
1312 1154 1452 1222 regis
1477 1154 1693 1206 nomine
1720 1154 1805 1206 die
1832 1154 2191 1219 denominato,

443 1242 806 1312 praecipiendo
846 1241 989 1309 apud
1014 1239 1157 1291 Belli
1192 1239 1393 1291 curiam
1419 1239 1599 1291 adesse
1623 1239 1767 1291 idem
1807 1239 2043 1291 ecclesiae
2067 1258 2193 1309 pro.-

443 1335 654 1378 curator
687 1325 1032 1378 summonuit.
1118 1323 1335 1378 Quibus
1371 1341 1468 1374 nec
1500 1330 1624 1392 post
1665 1322 1888 1374 multam
1922 1323 2192 1376 conflicta-‚⁶

442 1411 643 1463 tionem
684 1411 970 1479 quicquam
996 1409 1128 1460 certi
1170 1408 1620 1477 respondentibus
1662 1407 1720 1458 in
1755 1406 1839 1458 his
1867 1407 2191 1461 disceditur.

443 1495 549 1546 Die
573 1514 697 1547 vero
743 1494 1083 1546 denominato
1109 1511 1231 1545 cum
1254 1491 1498 1561 praedicti
1536 1491 1875 1561 placitatores
1901 1492 2191 1544 Fulbertus

441 1580 644 1631 scilicet
706 1580 771 1630 de
841 1578 1118 1641 Cilleham,
1182 1577 1484 1628 Rotbertus
1546 1576 1723 1640 Fillel,
1790 1576 1990 1628 Haimo
2046 1576 2190 1629 filius

440 1664 655 1727 vitalis,
701 1670 758 1714 et
783 1663 1015 1714 Brother
1037 1661 1303 1731 presbiter
1336 1661 1535 1729 aliique
1559 1661 1784 1713 barones
1810 1660 2191 1731 quamplurimi

440 1767 562 1801 cum
596 1748 857 1818 praedicto
883 1748 1170 1810 RotbertO,
1197 1746 1250 1798 vi
1275 1765 1334 1798 ac
1360 1754 1561 1797 terrore
1586 1746 1720 1814 regii
1757 1746 2006 1811 nominis,
2031 1746 2190 1798 Bata-

437 1833 658 1884 liensem
708 1832 943 1884 adissent
998 1831 1217 1893 curiam,
1273 1838 1328 1882 et
1377 1831 1492 1900 jam
1545 1829 1677 1882 hora
1736 1830 1935 1882 tardior
1977 1839 2192 1883 noctem

437 1918 724 1979 minitaret,
765 1916 1024 1985 placitum
1059 1914 1304 1966 dominus
1346 1913 1670 1966 Gausfridus
1707 1914 2048 1984 persuasione
2086 1916 2188 1968 etsi

439 2020 579 2069 aegre
621 2001 679 2051 in
723 2000 956 2068 primum
1001 1998 1274 2050 Dominici
1313 1999 1571 2050 adventus
1618 1998 1760 2050 diem
1802 2000 2184 2054 recrastinavit.

440 2085 695 2136 Habebat
714 2083 855 2135 enim
876 2082 1145 2150 quoddam
1170 2082 1228 2132 in
1262 2100 1317 2133 se
1342 2081 1668 2146 memoriale,
1693 2084 1947 2152 quatinus
1971 2085 2190 2155 agendis

440 2168 801 2219 exterioribus
840 2167 906 2217 ad
930 2166 1239 2217 memoriam
1263 2173 1599 2235 posterorum
1623 2186 1732 2218 non
1757 2167 1929 2219 solum
1954 2169 2187 2221 seniores

434 2253 658 2304 fratrum
684 2253 777 2303 sed
803 2259 860 2303 et
892 2250 1134 2320 juniores
1160 2250 1414 2303 interesse
1448 2260 1775 2320 procuraret,
1805 2261 1861 2305 et
1885 2255 2104 2306 tardiori
2130 2255 2188 2308 id

433 2337 564 2389 hora
588 2347 717 2389 tunc
762 2337 879 2388 fieri
920 2336 1119 2388 ordinis
1163 2336 1406 2388 custodia
1429 2337 1764 2406 prohibebat.
1843 2338 2036 2408 Itaque
2062 2348 2186 2409 post

434 2422 743 2491 opulentam
762 2421 1182 2490 hospitalitatem
1199 2421 1347 2473 curia
1366 2429 1585 2486 statuta,
1629 2422 2185 2477 circumassidentibus

434 2506 536 2557 sibi
566 2505 841 2568 fratribuS‚
871 2505 1225 2557 summonitos
1252 2505 1578 2557 Gausfridus
1600 2506 1792 2558 affatur
1814 2528 1826 2560 ι
1854 2511 1888 2536 “
1912 2507 2183 2562 Quoniam

433 2591 506 2641 mi
550 2591 783 2642 seniores
833 2589 1088 2642 carissimi
1127 2590 1381 2659 praesenti
1430 2609 1523 2641 vos
1570 2591 1877 2659 praemoniti
1926 2593 2184 2646 intulistis

434 2675 615 2739 curiae,
655 2682 837 2727 utrum
877 2673 1216 2726 rectitudinis
1259 2673 1384 2726 hinc
1420 2675 1754 2744 exequendae
1781 2684 1837 2727 et
1859 2678 2180 2746 recipiendae

436 2778 594 2811 causa
631 2758 952 2811 adveneritis
995 2758 1284 2810 sciscitor.”
1360 2757 1451 2809 Illi
1481 2777 1606 2810 vero
1631 2778 1752 2810 cum
1772 2778 1881 2812 non
1905 2761 1983 2813 ibi
2007 2763 2101 2814 sed
2125 2763 2181 2815 in

433 2863 529 2895 suo
556 2844 815 2895 comitatu
839 2861 1051 2895 omnem
1090 2842 1469 2894 rectitudinem
1501 2862 1556 2894 se
1583 2843 1785 2912 exequi
1811 2845 2003 2898 debere
2029 2847 2190 2900 insis-

431 2935 623 2991 terent,
667 2935 789 2996 post
826 2927 1110 2996 plurimam
1149 2927 1394 2978 dominus
1421 2926 1743 2980 Gausfridus
1769 2932 2179 2983 controversiam

429 3011 646 3063 intulit:
689 3015 723 3040 ‘⁶
752 3011 810 3063 Si
838 3030 962 3080 ergo
988 3019 1052 3063 ut
1075 3011 1307 3063 asseritis
1341 3030 1450 3063 non
1489 3012 1593 3063 nisi
1631 3013 1688 3063 in
1711 3022 1885 3066 vestro
1921 3017 2179 3068 comitatu

421 3096 652 3165 justitiae
684 3096 974 3148 subdimini
999 3097 1187 3160 causis,
1230 3096 1478 3165 nunquid
1517 3115 1623 3148 non
1648 3098 1811 3166 regiae
1837 3099 1987 3151 asciti
2013 3101 2177 3153 curiae

427 3189 717 3249 conquesta
759 3181 967 3233 definiri
991 3180 1241 3232 vetaretis
1263 3180 1328 3232 ?”
1404 3186 1438 3209 “
1466 3181 1886 3251 Nequaquam,”.
1903 3184 2175 3254 inquiunt.

428 3265 621 3333 “Ergo
651 3265 958 3333 praesenti,'’
989 3265 1184 3333 inquit,
1221 3265 1447 3328 “curiae,
1473 3284 1595 3333 quae
1620 3266 1759 3334 regis
1784 3276 1954 3332 extat,
1974 3269 2071 3321 hac
2096 3290 2178 3322 ra-

425 3349 570 3400 tione
592 3350 850 3401 contraire
881 3349 1228 3418 nequibitis-”
1270 3349 1383 3404 Qui
1410 3368 1531 3401 cum
1547 3351 1599 3402 vi
1624 3351 2028 3405 ratiocinatione
2050 3355 2175 3407 freti

423 3433 712 3484 renitentes
746 3434 960 3485 demum
986 3452 1262 3503 erumpere
1297 3443 1632 3499 conarentur,
1668 3436 1914 3504 protinus
1937 3438 2188 3492 basilicae»

423 3515 595 3567 valvas
626 3518 788 3585 jussit
831 3519 1080 3582 obserari,
1127 3519 1398 3571 obtestans
1440 3519 1676 3587 singulos
1719 3521 1883 3589 regiae
1909 3525 2173 3593 majestati

425 3601 785 3667 exponendos,
851 3602 894 3652 si
952 3622 1060 3654 non
1126 3603 1287 3671 regiae
1348 3612 1745 3671 exequerentur
1799 3606 1925 3674 jura
1990 3609 2191 3666 curiae„
