2398 4152
791 432 1155 473 MONASTERII
1198 433 1278 473 DE
1314 434 1520 475 BELLO.
1896 424 1997 475 165

267 559 388 618 post
426 550 692 602 modicum
716 571 814 604 rex
853 553 910 604 in
948 554 1123 606 medio
1161 573 1438 623 procerum
1471 573 1687 606 suorum
1723 552 1995 618 resideret,

266 633 428 684 abbas
451 636 740 703 procedens
764 645 959 688 cartam
984 656 1132 689 suam
1165 646 1430 690 vetustate
1456 639 1760 708 dissipatam
1791 641 1847 691 in
1873 658 1995 691 con-

267 726 454 785 spectu
487 719 723 771 omnium
766 722 1061 790 proposuit,
1107 730 1162 773 et
1203 731 1266 774 ut
1303 724 1448 791 regia
1487 725 1799 775 auctoritate
1839 741 1995 775 reno-

267 809 478 853 varetur
520 804 766 871 expetiit.
859 804 1011 872 Rege
1052 823 1211 875 super
1256 806 1376 868 hoc,
1418 806 1461 857 si
1503 807 1803 859 faciendum
1853 814 1992 857 esset

266 902 448 948 necne,
483 886 750 954 judicium
787 905 1065 956 procerum
1107 888 1433 956 requirente,
1479 893 1514 917 “
1540 889 1765 952 Decet,”
1808 889 1990 959 inquit

262 966 523 1019 Ricardus
561 969 625 1020 de
664 969 819 1033 Luci,
861 971 1065 1022 “decet
1100 989 1192 1022 vos
1232 971 1276 1022 si
1319 971 1493 1040 placet
1530 973 1740 1023 domine
1792 981 1988 1024 cartam

260 1047 496 1099 ecclesiae
523 1049 588 1099 de
605 1048 759 1099 Bello
774 1067 1039 1111 renovare,
1062 1051 1214 1119 eujus
1235 1050 1397 1101 etiam
1419 1051 1463 1101 si
1488 1070 1669 1103 omnes
1689 1061 1847 1103 cartae
1868 1071 1987 1121 per-

257 1130 440 1194 issent,
477 1149 574 1183 nos
613 1150 793 1183 omnes
831 1140 989 1183 cartae
1030 1133 1146 1201 ejus
1182 1151 1293 1184 esse
1336 1134 1607 1197 debemus,
1651 1135 1745 1202 qui
1772 1136 1836 1186 de
1863 1155 1986 1188 con-

255 1213 543 1282 quisitione
569 1216 712 1283 apud
735 1215 949 1267 Bellum
972 1215 1112 1267 facta
1130 1214 1333 1267 feodati
1358 1234 1557 1269 sumus.
1631 1217 1708 1269 Et
1733 1220 1984 1286 quoniam

248 1298 513 1366 judicium
536 1306 776 1350 nostrum
808 1309 991 1351 utrum
1015 1299 1317 1351 faciendum
1350 1301 1420 1351 sit
1450 1319 1615 1353 necne
1641 1302 1876 1370 exigitiS,
1922 1312 1985 1355 ut

253 1389 447 1432 cartam
472 1382 779 1451 praedictam
804 1384 1118 1435 auctoritate
1142 1392 1314 1435 vestra
1338 1384 1693 1436 confirmando
1718 1387 1982 1438 renovetis

247 1464 659 1533 adedicamus.”
731 1466 857 1518 Rex
889 1469 956 1519 ad
991 1467 1124 1530 haec,
1159 1476 1343 1519 vocato
1369 1468 1611 1520 Waltero
1635 1470 1698 1520 de
1726 1468 1981 1522 Constan-

247 1548 360 1610 ciis,
402 1556 529 1600 tunc
569 1549 879 1602 cancellario
920 1569 1033 1614 suo,
1076 1553 1416 1619 postmodum
1441 1551 1802 1603 Lincolniensi
1840 1555 1978 1622 epis-

246 1651 396 1701 copo,
439 1641 493 1684 et
517 1641 640 1702 post
663 1634 931 1686 modicum
957 1634 1377 1703 Rothomagensi
1413 1635 1825 1705 archiepiscopo,
1860 1639 1978 1706 jus-

243 1716 313 1768 sit
351 1726 542 1770 cartam
582 1735 771 1769 novam
809 1718 1037 1770 nominis
1077 1727 1132 1769 et
1168 1719 1328 1787 sigilli
1365 1719 1500 1788 regii
1539 1721 1830 1771 secundum
1866 1721 1975 1773 for-

242 1820 380 1852 mam
404 1809 563 1852 cartae
586 1802 780 1852 veteris
805 1802 938 1864 fieri,
978 1802 1294 1871 praecipiens
1319 1811 1478 1854 cartae
1503 1821 1654 1855 novae
1688 1804 1891 1872 imponi
1918 1824 1972 1856 se

241 1885 690 1936 confirmationem
732 1885 877 1937 illam
914 1886 1099 1938 fecisse
1133 1905 1230 1955 pro
1267 1905 1442 1937 amore
1480 1886 1586 1937 Dei
1631 1895 1686 1938 et
1709 1887 1971 1955 petitione

239 1969 441 2020 Odonis
467 1969 689 2031 abbatis,
716 1988 909 2020 nomen
934 1976 990 2020 et
1021 1969 1273 2019 meritum
1299 1970 1537 2038 ejusdem
1563 1970 1769 2021 abbatis
1788 1971 1967 2022 volens

233 2072 344 2105 esse
371 2053 427 2104 in
450 2053 827 2105 recordatione.
884 2052 961 2104 Et
986 2052 1235 2121 quoniam
1259 2052 1317 2103 in
1343 2053 1500 2104 cartis
1526 2060 1580 2103 et
1602 2054 1964 2116 munimentis,

233 2156 264 2188 a
289 2138 506 2189 diversis
548 2137 801 2206 personis,
830 2137 1034 2188 diverso
1072 2145 1308 2204 tempore
1335 2155 1494 2204 super
1527 2137 1711 2187 eodem
1749 2138 1964 2205 negotio

233 2222 386 2285 datis,
427 2222 562 2272 solet
602 2221 657 2272 in
696 2221 1080 2291 posterioribus
1119 2220 1355 2288 priorum
1399 2220 1599 2271 mentio
1638 2220 1772 2283 fieri,
1799 2221 1875 2272 ita
1900 2230 1963 2272 ut

232 2306 376 2374 quod
412 2304 677 2374 posterius
716 2313 796 2356 est
833 2305 1076 2355 videatur
1113 2303 1532 2372 praecedentium
1571 2303 1784 2369 exigere
1810 2306 1960 2356 testi-

225 2389 463 2440 monium
503 2388 810 2457 hujusmodi
834 2388 1024 2449 verbiS,
1066 2390 1100 2414 ‘⁶
1123 2387 1260 2438 sicut
1300 2394 1441 2437 carta
1479 2386 1572 2437 illa
1594 2386 1678 2437 vel
1712 2386 1857 2438 illius
1903 2389 1959 2440 N

226 2471 501 2534 testatur,”
533 2472 695 2540 jussit
718 2490 817 2522 rex
840 2490 908 2522 ne
946 2470 1180 2521 clausula
1204 2470 1296 2520 illa
1318 2469 1655 2532 insereretur,
1684 2471 1775 2520 sed
1799 2471 1956 2522 aliam

224 2563 380 2606 antea
412 2555 720 2606 inusitatam
762 2554 874 2623 ipse
911 2555 1146 2617 dictavit,
1187 2562 1243 2605 et
1277 2571 1436 2622 super
1472 2553 1555 2605 his
1595 2572 1717 2621 quae
1752 2554 1955 2606 viderat

218 2639 274 2689 in
298 2657 522 2707 persona
545 2639 759 2708 propria
796 2638 1160 2689 testimonium
1185 2637 1485 2706 perhibens,
1513 2644 1672 2688 cartae
1697 2638 1954 2707 praecepit

219 2722 439 2791 imponi,
482 2722 582 2773 hoc
625 2722 813 2774 modo:
861 2725 896 2750 “
926 2721 1196 2775 Quoniam
1228 2721 1441 2789 inspexi
1465 2729 1659 2772 cartam
1689 2722 1951 2774 Willelmi

214 2806 395 2874 proavi
419 2806 542 2868 mei,
580 2806 638 2857 in
664 2824 769 2875 qua
792 2805 1118 2874 praescriptae
1142 2805 1414 2856 libertates
1449 2813 1503 2856 et
1528 2806 1857 2874 quietantiae,
1895 2816 1950 2859 et

215 2890 398 2941 liberae
424 2891 832 2942 consuetudines
857 2891 922 2941 ab
950 2908 1011 2941 eo
1035 2889 1273 2958 praefatae
1299 2889 1533 2940 ecclesiae
1553 2907 1809 2941 concessae
1826 2910 1948 2942 con-

215 2972 573 3024 tinebantur.’'
648 2974 765 3025 Nec
808 2974 1122 3042 dedignatus
1164 2982 1245 3024 est
1278 2973 1493 3024 inclitus
1517 2973 1762 3043 princeps
1789 2994 1947 3045 super

210 3057 467 3124 praedicta
492 3057 726 3109 clausula
743 3058 962 3109 reddere
986 3058 1262 3109 rationem.
1340 3060 1375 3085 ‘⁶
1404 3056 1513 3119 Si‚’'
1538 3057 1732 3124 inquit,
1752 3062 1787 3086 ‘⁶
1804 3059 1947 3110 clau-

213 3140 327 3191 sula
354 3157 475 3210 quae
515 3159 795 3210 suppressa
817 3151 897 3192 est
921 3141 1116 3192 inserta
1139 3141 1343 3203 fuisset,
1372 3148 1514 3191 carta
1537 3141 1798 3209 posterior
1831 3142 1943 3194 sine

209 3223 382 3290 priore
408 3224 676 3275 modicum
701 3224 979 3275 conferret.
1058 3224 1217 3274 Nunc
1242 3242 1364 3275 vero
1389 3224 1536 3275 nulla
1566 3224 1622 3275 in
1658 3226 1939 3292 posteriori

187 3306 269 3364 ‚de
310 3307 735 3375 praecedentibus
769 3307 1114 3374 originalibus
1152 3307 1291 3357 faeta
1328 3307 1614 3369 mentione,
1654 3308 1769 3359 haec
1796 3318 1937 3361 carta
1954 3343 2027 3375 The
2040 3345 2152 3379 Abbot

206 3389 315 3440 sola
338 3391 620 3453 sufficeret,
666 3391 825 3441 etiam
866 3391 908 3442 si
934 3409 1114 3441 omnes
1153 3390 1273 3441 aliae
1300 3399 1457 3441 cartae
1499 3392 1563 3442 de
1590 3391 1743 3443 Bello
1779 3393 1937 3462 depe·
1955 3384 2206 3470 ξξξξᾷξῗωρίω

201 3472 439 3526 rissent.”
480 3474 583 3525 His
598 3494 628 3525 a
652 3493 774 3541 rege
801 3474 972 3535 dictis,
1000 3474 1183 3542 exegit
1207 3475 1366 3525 abbas
1385 3494 1415 3525 a
1439 3476 1746 3528 cancellario
1771 3486 1825 3528 et
1844 3479 1937 3530 ob-
1955 3467 1993 3540 ἓξ
2004 3468 2205 3550 ἱξζῖἓζῗῗ

199 3556 379 3620 tinuit,
405 3567 467 3610 ut
501 3559 601 3610 sibi
636 3567 745 3610 tres
780 3566 947 3610 cartas
973 3577 1131 3609 unam
1158 3559 1483 3627 eandemque
1504 3559 1725 3612 formam
1752 3581 1937 3613 secun-
1954 3549 2066 3591 hythe
2083 3552 2187 3594 ¹⁶⁰⁸·
