2398 4152
198 571 364 605 Remaius

198 614 278 646 firm
292 614 329 646 in
343 615 398 647 his

198 655 324 695 denial,
347 660 425 689 not-

198 698 449 740 withstanding

195 739 255 770 the
266 749 406 781 persua·-

199 780 292 812 sions
308 781 347 814 of

195 822 324 856 others.

185 1861 282 1892 'I'ries
296 1863 334 1893 to

190 1912 323 1945 escape.

475 415 578 470 152
963 429 1247 472 H1s⁷roRIA
1290 430 1709 474 FUNDATm-ms

545 553 681 606 Haec
726 574 788 607 eo
834 555 1063 619 dicente,
1109 557 1445 608 mirabantur
1494 573 1675 610 omnes
1726 577 1848 610 eum
1891 560 2024 611 ’011111
2076 561 2226 611 tanta

472 638 769 691 constantia
812 659 1083 711 respuere,
1140 642 1285 710 quod
1326 629 1512 695 *solent
1564 643 1788 714 plurimi
1837 644 1999 696 etiam
2046 643 2226 713 religi-

472 743 685 777 osorum
730 743 937 777 summo
983 727 1248 778 desiderio
1306 727 1571 781 affectare.
1662 728 1780 780 Nec
1824 729 1938 780 sine
1971 733 2143 781 causa
2164 747 2223 780 se

471 818 660 878 sponte
725 810 988 880 prioratui
1039 830 1136 863 suo
1185 811 1322 863 velle
1371 813 1700 877 renuntiare,
1753 813 1954 865 dixisse
2000 815 2226 883 putaba-

470 902 577 959 tur,
620 895 923 947 dicentibus
961 896 1235 966 aliquibus
1278 897 1735 967 archiepiscopum
1772 898 1944 968 ipsius
1978 907 2224 951 constan-

468 978 598 1031 tiam
625 988 680 1032 et
704 973 913 1032 morum
938 981 1324 1051 perfectionem
1363 982 1591 1035 nimium
1615 983 1922 1048 formidare,
1966 988 2222 1052 tanquam

463 1082 575 1117 non
614 1066 770 1117 facile
804 1066 910 1118 nisi
950 1086 1024 1118 ex
1061 1067 1268 1118 ratione
1308 1077 1491 1137 posset
1534 1070 1601 1121 ad
1643 1069 1980 1121 voluntatum
2006 1088 2222 1121 suarum

466 1169 781 1203 consensum
822 1151 1083 1215 inclinari,
1120 1151 1350 1222 ideoque
1389 1152 1568 1223 ipsum
1608 1154 2064 1224 archiepiscopum
2085 1153 2222 1206 velle

465 1234 620 1286 illum
671 1254 792 1287 011111
841 1237 1069 1305 quadam
1117 1237 1315 1289 astutia
1362 1257 1394 1290 a
1440 1238 1708 1307 prioratus
1752 1239 1926 1291 officio
1960 1258 2222 1302 amovere,

466 1331 521 1371 et
575 1321 675 1373 sub
730 1322 958 1390 quadam
1010 1322 1184 1390 specie
1220 1323 1436 1393 majoris
1472 1323 1688 1375 honoris
1727 1324 2053 1390 conferendi,
2092 1324 2222 1376 alias

465 1406 791 1459 transferre.1
868 1406 991 1458 Hoc
1030 1414 1211 1458 autem
1249 1415 1506 1478 tanquam
1561 1409 1851 1461 cavendum
1899 1409 2028 1461 licet
2075 1409 2223 1479 prior

462 1490 576 1559 ipse
639 1491 958 1543 venerabilis
1019 1491 1333 1561 frequenter
1396 1492 1645 1556 audierit,
1695 1493 2004 1562 persuaderi
2041 1502 2220 1546 tamen

461 1575 565 1626 sibi
597 1583 659 1627 ut
693 1576 933 1627 crederet
972 1595 1081 1628 non
1118 1576 1318 1645 potuit,
1347 1595 1630 1646 quousque
1670 1577 1749 1629 rei
1781 1586 2008 1630 eventus
2051 1598 2219 1648 expe-.-

459 1660 749 1711 rimentum
775 1660 941 1713 dedit.
1018 1659 1300 1712 Instabant
1338 1660 1523 1730 itaque
1563 1681 1662 1714 rex
1695 1670 1750 1714 et
1789 1662 2218 1733 archiepiscopus

461 1764 582 1796 cum
633 1745 750 1797 aliis
800 1745 896 1814 qui
945 1746 1165 1797 aderant
1207 1747 1592 1815 persuadentes
1643 1748 1710 1799 ad
1756 1748 2216 1813 consentiendum,

461 1831 553 1882 sed
577 1830 669 1881 ille
695 1829 1012 1881 inflexibilis
1036 1849 1354 1900 permanens
1379 1850 1488 1883 non
1513 1832 1910 1901 adquieseebat.
1988 1833 2220 1886 Petebat

458 1914 698 1967 inducias
724 1915 1142 1979 deliberationis,
1170 1925 1234 1968 ut
1252 1916 1594 1968 Cantuariam
1619 1918 1831 1969 rediens
1855 1918 1966 1970 illic
1989 1918 2217 1971 fratrum

454 2018 677 2051 suorum
702 2000 971 2069 colloquio
997 2000 1269 2053 frueretur
1285 2010 1340 2053 et
1366 2002 1605 2065 consilio,
1630 2002 1724 2054 sed
1748 2021 1857 2054 11011
1876 2003 2216 2072 impetrabat,

457 2084 750 2137 scientibus
791 2086 1039 2138 omnibus
1083 2105 1207 2138 eum
1245 2087 1553 2139 nullatenus
1594 2088 1771 2139 denuo
1806 2089 2126 2153 rediturum,
2168 2090 2217 2142 si

458 2170 623 2222 semel
660 2171 892 2223 liberum
928 2180 1110 2241 posset
1138 2170 1334 2224 habere
1370 2191 1655 2224 recessum.
1733 2173 2094 2243 Praecipiebat
2117 2193 2222 2227 rex

459 2256 713 2324 quatinus
753 2256 900 2325 prior
926 2264 981 2308 et
1013 2256 1204 2308 fratres
1245 2257 1415 2309 sancti
1441 2257 1670 2310 Martini
1701 2259 1766 2310 de
1794 2259 1950 2310 Bello
1986 2259 2216 2312 electum

451 2357 615 2391 suum
641 2339 961 2408 acciperent,
998 2340 1091 2391 sed
1120 2340 1680 2410 appropinquantibus
1717 2342 1824 2394 illis
1859 2343 2062 2395 electus
2101 2345 2217 2413 ipse

457 2443 547 2475 eos
595 2424 912 2494 repellebat,
966 2431 1021 2475 et
1058 2443 1127 2476 ne
1172 2444 1226 2476 se
1268 2426 1641 2495 contingerent
1677 2427 1995 2498 interposita
2035 2430 2218 2499 appel-

454 2509 654 2560 latione
679 2509 981 2562 inhibebat.
1058 2509 1289 2580 Repulsi
1316 2511 1537 2563 abibant
1561 2520 1869 2576 retrorsum,
1887 2533 2011 2565 eum
2037 2524 2217 2566 tamen

453 2613 521 2645 eo
547 2595 713 2663 magis
758 2594 867 2646 sibi.
896 2595 1140 2665 praeferri
1181 2596 1476 2664 cupienteS,
1506 2615 1614 2664 quo
1652 2597 1880 2666 amplius
1918 2600 2220 2652 recusabat.

460 2679 638 2747 Igitur
677 2698 798 2731 cum
824 2681 891 2731 ad
917 2681 1361 2732 consentiendum
1394 2681 1703 2733 nullatenus
1745 2683 2070 2746 flecteretur,
2099 2684 2220 2753 qui-

458 2765 578 2815 dam
604 2763 977 2833 episcoporum
1017 2765 1111 2834 qui
1149 2766 1371 2817 aderant
1414 2766 1873 2837 archiepiscopum
1898 2769 2127 2833 monuit,
2159 2778 2219 2821 ut

456 2850 513 2900 in
538 2849 715 2918 ipsum
742 2849 1312 2901 excommunicationis
1338 2851 1658 2902 sententiam
1683 2853 2064 2922 promulgaret.
2106 2854 2216 2906 Sed

455 2935 536 2985 vir
579 2934 670 2985 ille
710 2933 1030 2985 venerabilis
1064 2935 1245 2985 oculos
1280 2935 1337 2985 in
1376 2954 1500 2986 eum
1533 2936 1860 3005 indignantis
1902 2936 2049 2989 more
2089 2939 2217 2990 diri-

454 3039 603 3089 gens,
625 3025 656 3048 ‘⁴
674 3020 802 3072 Non
829 3019 1029 3084 tuam,”
1049 3019 1247 3088 inquit,
1278 3023 1434 3071 “non
1458 3020 1604 3072 illius
1622 3022 1850 3073 formido
1877 3024 2215 3088 sententiam,

456 3125 578 3157 cum
605 3105 824 3175 quidem
848 3124 933 3156 me
961 3105 1154 3156 summi
1178 3104 1449 3174 pontificis
1474 3106 1799 3175 protectioni
1825 3110 2214 3177 supposuerim,

516 3232 528 3257 ¹
563 3230 701 3273 There
724 3245 863 3273 seems
892 3245 1010 3273 some
1039 3229 1298 3288 probability
1376 3231 1472 3274 Odo
1492 3231 1578 3274 had
1607 3232 1717 3275 been
1747 3239 1824 3289 put
1859 3232 2039 3275 forward
2065 3233 2125 3292 by
2144 3234 2218 3278 the

455 3289 496 3330 in
526 3288 595 3331 his
629 3290 873 3344 conjecture
894 3289 937 3330 in
959 3295 1125 3345 respect
1152 3296 1196 3330 to
1224 3289 1297 3331 the
1374 3289 1527 3332 monks
1546 3291 1595 3332 of
1607 3290 1884 3347 Canterbury,
1901 3291 2094 3348 together
2114 3293 2218 3337 with

456 3347 574 3403 King
589 3361 634 3389 as
651 3346 747 3389 well
768 3362 814 3389 as
836 3346 908 3388 the
931 3346 1217 3404 Archbishop,
1234 3347 1298 3389 for
1375 3347 1575 3402 Richard,
1608 3363 1704 3390 now
1730 3348 2016 3406 Archbishop,
2043 3351 2109 3392 for
2144 3351 2218 3394 the

456 3404 552 3447 Odo
575 3420 660 3448 was
698 3420 722 3447 a
761 3411 879 3462 great
916 3404 1090 3448 stickler
1125 3405 1190 3447 for
1224 3404 1296 3447 the
1376 3406 1455 3448 See
1477 3407 1525 3449 of
1537 3406 1814 3464 Canterbury.
1874 3407 1944 3450 He
1965 3408 2106 3451 would
2122 3424 2218 3467 pro-

453 3463 587 3519 rights
621 3464 669 3506 of
697 3463 765 3506 his
797 3470 1055 3520 monastery.
1115 3462 1234 3521 ;(See
1274 3478 1299 3505 a
1374 3463 1504 3522 bably
1523 3464 1631 3507 have
1658 3464 1766 3507 been
1787 3465 2028 3522 appointed,
2051 3466 2218 3510 instead

452 3522 716 3564 remarkable
755 3523 958 3573 ‘instance
1002 3521 1045 3563 in
1094 3522 1296 3577 Gervase,
1375 3522 1423 3564 of
1449 3523 1649 3578 Richard,
1682 3530 1725 3565 to
1777 3522 1862 3565 this
1898 3523 2001 3580 high
2036 3525 2215 3581 honour,

454 3580 604 3637 1422.)
669 3580 710 3622 It
729 3579 884 3623 should
909 3579 998 3622 also
1029 3580 1082 3623 be
1114 3594 1296 3624 remem-
1374 3579 1459 3623 had
1490 3581 1524 3623 it
1554 3589 1629 3623 not
1649 3581 1756 3624 been
1785 3581 1848 3623 for
1875 3582 1948 3624 the
1970 3584 2216 3640 tergiversa-

450 3637 580 3681 bered
601 3635 693 3680 that
722 3638 822 3696 only
858 3646 942 3682 two
976 3653 1099 3695 years
1135 3638 1294 3693 before,
1374 3638 1464 3681 tion
1479 3640 1527 3682 of
1539 3639 1706 3683 Gilbert
1725 3639 1879 3682 Foliot.
1927 3640 2092 3697 Diceto,
2115 3644 2213 3686 568.
