2398 4152
2167 12 2171 13 ⁷
2195 0 2331 51 *wer
2397 45 2398 48 η

495 442 575 500 86
1020 458 1300 499 HISTORIA
1339 459 1752 502 FUNDATIONIS

493 583 595 635 isse
621 584 838 652 dignata
862 594 944 637 est
974 586 1597 655 excellentia,-quatinus
1627 587 1790 640 abbas
1814 587 1879 640 de
1906 585 2062 638 Bello
2086 586 2252 638 frater

492 687 644 720 meus
679 669 784 722 huc
808 671 1032 736 veniret,
1066 686 1131 723 ut
1167 672 1386 740 querela
1420 672 1562 724 inter
1595 672 1753 725 illum
1782 680 1838 724 et
1865 671 2252 724 Cicestrensem

494 753 804 824 episcopum
831 756 897 807 de
923 756 1280 825 dignitatibus
1305 766 1360 809 et
1396 757 1739 810 libertatibus
1763 757 2108 810 ecclesiarum
2133 774 2254 809 sua-

492 856 613 890 rum
639 839 734 891 diu
771 839 974 907 habita,
1007 861 1183 894 coram
1206 843 1358 895 vobis
1382 843 1490 895 fine
1519 843 1804 913 potiretur.
1878 841 2056 895 Adest
2088 841 2252 894 abbas

225 935 360 1009 gilhflfrter
374 975 412 1008 of
493 941 616 976 cum
632 925 789 977 cartis
809 933 865 978 et
880 927 1172 996 privilegiis
1191 928 1351 980 suis.’'
1401 927 1556 980 Tunc
1565 928 1729 998 jussit
1753 945 1854 979 rex
1875 926 2059 979 abbati
2083 933 2252 978 cartas

224 1018 430 1093 {gggfiation
494 1009 731 1061 ecclesiae
770 1029 881 1063 suae
922 1013 1096 1081 palam
1128 1012 1386 1082 proferre.
1462 1012 1626 1082 Legit
1657 1012 1843 1081 itaque
1873 1011 2106 1065 Thomas
2131 1029 2254 1064 can-

494 1093 741 1147 cellarius
781 1105 980 1149 cartam
1019 1097 1161 1166 regis
1187 1092 1453 1149 Willelmi
1487 1097 1668 1166 magni
1709 1114 1886 1148 coram
1922 1095 2050 1148 illis.
2125 1094 2254 1150 Qua

492 1179 746 1248 perlecta,
786 1200 887 1234 rex
928 1183 987 1234 in
1019 1201 1209 1234 manus
1245 1182 1470 1234 eandem
1494 1182 1776 1251 accipienS,
1821 1189 1985 1251 atque
2008 1180 2250 1250 undique

494 1264 942 1336 circumspicienS,
1007 1285 1201 1336 magno
1269 1267 1531 1319 extollere
1600 1267 1852 1335 dignatus
1911 1273 1994 1318 est
2048 1265 2262 1329 favore,-

492 1349 815 1402 benedicens
839 1352 1033 1403 animae
1057 1351 1204 1403 illius
1228 1352 1369 1421 regis
1392 1351 1587 1416 incliti,
1616 1351 1711 1420 qui
1749 1351 1947 1403 affectu
1970 1358 2082 1403 tam
2105 1368 2254 1419 mag-

491 1434 652 1486 nifico
691 1435 967 1487 ecclesiam
1008 1436 1156 1488 illam
1200 1455 1230 1488 a
1278 1455 1333 1489 se
1378 1444 1738 1489 constructam
1778 1435 1992 1500 dilexit,
2034 1443 2092 1487 et
2134 1453 2254 1486 eam

492 1528 601 1571 tam
626 1521 831 1590 magnis
856 1521 1200 1574 libertatibus
1227 1530 1282 1573 et
1306 1521 1661 1590 dignitatibus
1686 1520 2052 1591 praemunivit.
2138 1519 2252 1573 Ite-

490 1623 610 1656 rum
634 1605 769 1674 legit
793 1606 1138 1658 cancellarius
1159 1606 1317 1658 aliam
1343 1605 1584 1676 ejusdem
1607 1606 1746 1673 regis
1760 1605 2027 1658 Willelmi
2052 1612 2252 1658 cartam

490 1709 652 1760 super
697 1691 916 1761 negotio
959 1691 1167 1744 abbatis
1214 1691 1452 1761 proprio,
1530 1690 1711 1745 Quam
1756 1689 2002 1741 similiter
2043 1708 2146 1742 rex
2191 1689 2252 1742 in

486 1793 676 1827 manus
698 1776 963 1846 accipiens
988 1786 1150 1846 atque
1177 1775 1624 1846 circumspicienS,
1644 1775 1810 1845 jussit
1835 1793 1953 1826 eam
1978 1793 2102 1827 cum
2125 1773 2246 1827 aliis

489 1860 775 1930 diligenter
799 1861 1007 1931 reponi,
1036 1870 1092 1913 et
1115 1880 1307 1930 magna
1333 1861 1616 1930 diligentia
1638 1860 1914 1913 custodiri.
1970 1858 2253 1912 Contesta-

487 1946 648 1997 batur
691 1946 856 1998 etiam
893 1948 1040 2016 quod
1074 1947 1117 1999 si
1154 1947 1478 2016 quandoque
1506 1946 1627 1998 Deo
1652 1945 1946 2015 inspirante
1981 1944 2251 1997 abbatiam

486 2030 758 2094 fundaret,
804 2031 1008 2083 nullius
1042 2032 1147 2084 nisi
1174 2032 1440 2083 Bellensis
1476 2031 1714 2084 ecclesiae
1749 2031 2029 2083 libertates
2055 2038 2112 2082 et
2136 2029 2253 2099 dig-

485 2115 683 2167 nitates
727 2133 840 2168 suae
884 2116 1162 2186 praescribi
1202 2116 1459 2169 ecclesiae.
1552 2116 1804 2168 Aliorum
1842 2115 2006 2168 etiam
2041 2133 2252 2184 regum,

489 2201 757 2253 Willelmi
799 2201 1005 2254 scilicet
1028 2201 1170 2269 regis
1189 2201 1441 2271 junioris,
1484 2209 1540 2252 et
1566 2200 1794 2252 Henrici
1826 2199 1968 2269 regis
1993 2200 2171 2264 cartiS,
2198 2208 2254 2252 et

487 2297 633 2340 carta
672 2289 833 2341 simul
876 2308 973 2341 suo
1021 2290 1333 2341 confirmata
1373 2289 1550 2357 sigillo
1591 2287 1866 2358 inspectis,
1899 2287 2065 2358 jussit
2089 2287 2251 2340 simili

483 2375 643 2426 modo
683 2375 891 2444 reponi,
939 2383 995 2427 et
1020 2375 1269 2444 diligenti
1307 2374 1551 2427 custodia
1576 2374 1788 2427 servari.
1868 2373 2022 2426 Tunc
2048 2373 2253 2426 cancel-

484 2459 650 2511 larius
690 2462 941 2512 abbatem
976 2461 1215 2523 intuenS,
1258 2463 1291 2487 “
1311 2458 1602 2522 Domine,’'
1627 2458 1826 2528 inquit,
1868 2462 1903 2486 “
1926 2458 2108 2523 abbaS,
2137 2458 2276 2527 epi-⁴

483 2564 676 2614 scopus
710 2545 1056 2597 Cicestrensis
1090 2545 1316 2608 ratione,
1350 2552 1414 2596 ut
1452 2543 1637 2596 multis
1671 2543 1901 2607 videtur,
1936 2550 2119 2595 contra
2157 2561 2250 2595 vos

483 2630 660 2681 utitur
698 2631 1066 2700 praemaxima,
1103 2630 1342 2682 obiciens
1374 2648 1466 2681 vos
1491 2629 1550 2680 in
1575 2628 1800 2680 ecclesia
1827 2628 2102 2680 Cicestriae
2127 2646 2252 2698 pro-

484 2714 775 2766 fessionem
818 2716 1027 2769 fecisse.
1104 2715 1374 2770 Quocirca
1413 2722 1604 2766 vestrae
1649 2713 1926 2766 dilectioni
1966 2713 2252 2783 providen-

486 2800 615 2851 dum
656 2799 791 2850 est.’'
867 2799 1054 2852 Abbas
1079 2819 1204 2851 vero
1240 2817 1294 2850 se
1334 2799 1414 2850 nil
1441 2807 1624 2850 contra
1665 2798 1983 2866 dignitatem
2010 2805 2066 2850 et
2088 2797 2251 2850 liber-

487 2891 655 2935 tatem
693 2884 932 2936 ecclesiae
978 2903 1091 2936 suae
1132 2884 1303 2953 egisse
1329 2892 1557 2934 testatus
1588 2891 1686 2936 est.
1764 2883 1893 2935 Rex
1918 2891 2103 2935 autem
2128 2901 2251 2935 can-

487 2968 763 3020 cellarium
816 2969 1125 3038 respiciens,
1167 2972 1202 2996 ‘⁶
1231 2967 1552 3031 Professio,''
1591 2968 1684 3031 ait,
1727 2971 1762 2996 “
1787 2985 1895 3019 non
1944 2976 2026 3020 est
2066 2975 2252 3021 contra

488 3054 776 3123 dignitates
810 3054 1170 3106 ecclesiarum.
1249 3053 1377 3104 Non
1416 3051 1559 3104 enim
1601 3052 1694 3120 qui
1736 3051 2124 3121 professionem
2170 3051 2252 3103 fa-

217 3154 365 3203 menard
381 3155 423 3187 de
487 3138 653 3203 ciunt,
691 3139 796 3191 nisi
838 3140 984 3208 quod
1018 3140 1219 3191 debent
1251 3137 1630 3208 promittunt.”
1706 3137 1973 3189 Ricardus
2013 3136 2078 3188 de
2110 3136 2250 3188 Luci

218 3197 411 3272 {ffinueffi
489 3223 602 3275 haec
628 3224 868 3287 audiens,
895 3224 1094 3275 iterum
1121 3224 1195 3275 sic
1222 3222 1406 3292 coepit.
1461 3225 1496 3249 “
1514 3221 1766 3286 Domine,
1794 3221 2056 3273 celsitudo
2075 3230 2251 3274 vestra

485 3308 760 3359 libertates
804 3309 1011 3360 audivit
1056 3317 1112 3361 et
1156 3308 1445 3377 dignitates
1492 3327 1523 3359 a
1570 3306 1742 3358 nobili
1789 3325 1914 3375 rege
1965 3305 2248 3357 Willelmo

488 3392 725 3444 ecclesiae
769 3412 881 3445 suae
923 3411 1084 3462 quam
1130 3392 1526 3461 cognominavit
1566 3392 1630 3443 de
1672 3391 1846 3455 Bello,
1889 3409 1952 3442 eo
1998 3391 2146 3460 quod
2168 3390 2248 3442 ibi

487 3476 639 3528 Deus
665 3477 942 3529 victoriam
968 3478 1071 3529 sibi
1098 3478 1163 3529 de
1188 3477 1418 3529 inimicis
1445 3477 1554 3528 suis
1583 3475 1830 3540 contulit,
1853 3475 2092 3539 traditas,
2116 3493 2248 3544 quas

485 3561 647 3612 etiam
682 3563 904 3614 ecclesia
941 3563 1144 3626 eadem,
1183 3582 1306 3632 quae
1342 3571 1423 3614 est
1467 3562 1670 3631 capella
1710 3568 1903 3625 vestra,
1940 3569 1995 3612 et
2034 3560 2247 3630 signum

484 3646 647 3715 regiae
689 3667 902 3700 coronae
943 3656 1131 3701 vestrae
1176 3648 1453 3717 hucusque
1497 3646 1793 3700 inviolabili
1827 3647 1951 3716 jure
2002 3645 2242 3698 servavit.
