2398 4152
535 405 638 458 160
1045 417 1326 459 HISTORIA
1363 418 1781 460 FUNDATIONISt

528 543 659 594 dum
684 542 840 612 plene
866 542 1209 605 deliberasse.
1280 543 1401 595 Jam
1439 547 1563 596 vero
1603 545 1670 597 ad
1702 562 1795 596 vos
1827 544 2290 599 venientem'cuni
2318 579 2319 582 =

523 635 678 679 tanta
726 628 1047 680 solennitate
1097 626 1378 698 susceptiS,
1435 646 1558 680 cum
1618 638 1836 698 quanta,
1891 629 1936 681 si
1985 628 2331 704 quemlibet

528 730 716 764 eorum
766 712 1135 782 suscepissetis
1186 713 1282 781 qui
1331 711 1506 764 solent
1552 712 1847 766 honoribus
1896 713 2289 783 temporalibus
2324 726 2326 729 “

528 797 802 862 delectari,
843 797 901 849 in
938 797 1090 849 nullo
1134 797 1238 849 sibi
1280 798 1457 849 minus
1502 798 1561 850 in
1582 798 1700 872 ⁴hac
1738 807 1890 868 parte
1930 798 2096 850 fuisse
2133 798 2290 850 satis-³
2323 786 2347 831 s*

527 882 748 947 sactum,
774 890 957 952 posset
992 883 1184 935 merito
1211 884 1433 935 causari.
1507 883 1716 936 Verum
1739 883 1871 936 licet
1891 891 2125 935 vestram
2146 882 2289 937 circa
2333 890 2337 891 ⁷

525 986 611 1018 me
637 967 1054 1020 benivolentiam
1080 968 1208 1019 satis
1233 969 1522 1031 attendam,
1550 968 1618 1020 ad
1645 967 2084 1020 Cantuariensem
2107 973 2290 1020 tamen
2326 962 2337 1031 J

526 1052 820 1117 ecclesiam,
858 1072 890 1104 a
923 1054 1076 1123 cujus
1108 1054 1428 1105 dulcissimis
1466 1053 1599 1107 mihi
1632 1053 1890 1106 uberibus
1929 1071 2014 1105 me
2063 1071 2161 1123 per
2191 1070 2288 1104 vos
2326 1116 2330 1119 μ

526 1137 770 1189 avulsum
797 1138 952 1190 doleo
977 1157 1188 1207 semper
1210 1147 1390 1190 mente
1415 1157 1710 1202 recurrenS,
1732 1139 1979 1191 dubitare
2005 1156 2090 1189 me
2113 1137 2287 1190 fateor
2327 1130 2331 1152 ⁵
2354 1160 2356 1162 ·

526 1230 710 1273 utrum
749 1222 901 1274 vobis
939 1223 1132 1293 propio
1172 1223 1371 1275 affectu
1410 1223 1607 1292 gratias
1637 1224 1877 1286 debeam,
1919 1241 1988 1274 an
2025 1241 2124 1292 pro
2163 1240 2289 1273 mea

525 1325 687 1375 quam
727 1326 824 1376 per
848 1326 941 1359 vos
974 1307 1176 1359 incurri
1216 1308 1621 1377 perturbatione
1655 1307 2103 1366 malivolentiam.
2165 1306 2287 1358 Ho-
2335 1307 2338 1310 ’
2395 1314 2398 1371 ,ᾗ

522 1409 708 1442 norem
757 1411 883 1443 vero
927 1409 1063 1443 meae
1103 1391 1414 1461 indignitati
1457 1392 1779 1462 impensum,
1822 1411 1933 1444 non
1971 1401 2080 1444 tam
2124 1391 2288 1455 mihi,
2333 1409 2337 1415 ⁴

525 1494 686 1544 quam
713 1494 920 1528 summo
945 1477 1150 1546 pastori
1176 1476 1315 1540 Deo,
1357 1484 1552 1546 reputo
1593 1476 1917 1539 exhibitum,
1946 1475 2074 1545 quia
2104 1475 2288 1546 ipsum
2333 1514 2335 1519 -
2397 1476 2398 1479 ’

523 1556 582 1608 in
618 1575 739 1607 mea
774 1557 1081 1610 humilitate
1119 1558 1447 1628 suscepistis,
1497 1558 1652 1627 cujus
1701 1577 1786 1610 me
1835 1558 1977 1610 vices
2025 1557 2085 1610 in
2131 1557 2286 1610 vobis

524 1660 678 1711 agere
704 1641 1034 1694 desideratiS.
1111 1642 1235 1712 Ipse
1282 1661 1513 1711 namque
1564 1661 1620 1695 se
1663 1642 1721 1694 in
1771 1642 1900 1706 suiS,
1950 1661 2047 1694 seu
2094 1642 2284 1712 recipi,

523 1745 620 1778 seu
657 1727 839 1797 sperni
876 1728 1085 1792 asserit,
1138 1736 1193 1780 et
1235 1727 1555 1798 prophetam
1603 1727 1689 1780 vel
1730 1728 1943 1798 justum
1977 1728 2034 1779 in
2066 1727 2286 1779 nomine
2332 1746 2339 1783 J

522 1812 802 1882 prophetae
829 1813 916 1865 vel
933 1813 1071 1883 justi
1108 1813 1544 1883 suscipientibus,
1584 1814 1884 1866 mercedem
1919 1813 2199 1883 prophetae
2225 1822 2286 1866 et
2331 1814 2347 1874 ᾗ,
2397 1832 2398 1859 2

514 1898 652 1967 justi
678 1898 966 1968 promittit.
1043 1899 1318 1968 Dignetur
1357 1899 1493 1968 ipse,
1531 1898 1576 1950 si
1619 1917 1703 1950 me
1737 1899 2150 1968 vobis-praeesse
2190 1899 2285 1951 de*
2331 1947 2335 1957 2
2397 1909 2398 1942 f

522 1983 705 2046 crevit,
748 1983 911 2037 talem
961 1983 1187 2048 efficere,
1238 1983 1335 2053 qui
1385 2002 1478 2035 vos
1526 1984 1583 2035 in
1634 1984 1846 2053 pascuis
1894 1993 2120 2053 gregum
2163 1983 2282 2055 ejus
2331 1972 2348 2027 '·
2397 1989 2398 2048 j

521 2068 719 2136 possim
748 2068 908 2136 digne
933 2069 1214 2133 deducere,
1243 2069 1457 2138 sibique
1486 2068 1551 2121 de
1576 2069 1728 2121 vobis
1754 2069 1868 2122 sine
1893 2089 2013 2122 meo
2037 2069 2287 2140 periculo

523 2153 672 2205 lucra
696 2153 1020 2223 multiplicia
1045 2153 1428 2224 comportare.”
2335 2210 2344 2227 ἶ

250 2263 376 2311 Epters
390 2272 436 2295 οη
598 2237 735 2289 Haec
762 2246 819 2289 et
842 2237 926 2289 his
953 2238 1148 2289 similia
1171 2238 1426 2308 perplura
1450 2259 1560 2292 non
1585 2240 1699 2292 sine
1727 2240 1958 2294 lacrimis
1985 2240 2146 2305 dixit,
2173 2241 2287 2293 fra-
2334 2242 2345 2274 7

251 2305 428 2337 h¹⁸⁰ffi⁰⁰'
522 2331 775 2392 trumque
803 2322 1044 2375 omnium
1069 2323 1273 2375 animos
1298 2324 1355 2375 in
1381 2324 1465 2375 sui
1491 2344 1723 2377 amorem
1748 2326 1977 2396 amplius
2005 2326 2285 2381 excitavit.
2328 2315 2335 2342 '³
2390 2331 2391 2334 ’

521 2408 946 2460 Delectabantur
970 2409 1319 2461 nihilominus
1354 2417 1410 2460 et
1435 2411 1629 2474 turbae,
1659 2430 1782 2479 quae
1807 2411 2090 2475 irruerant,
2117 2430 2287 2482 super
2327 2399 2346 2458 ⁵:

519 2493 603 2545 his
629 2511 751 2563 quae
777 2493 835 2544 in
859 2494 977 2563 ipso
1003 2494 1370 2558 attendebant,
1386 2496 1514 2564 quia
1537 2514 1746 2548 morum
1762 2504 2097 2549 venustatem
2118 2516 2282 2566 quam

446 2612 449 2615 -
521 2579 844 2631 intrinsecus
870 2579 927 2629 in
962 2588 1141 2631 mente
1167 2579 1416 2643 habebat,
1454 2581 1791 2633 extrinsecus
1817 2581 1875 2632 in
1900 2582 2056 2633 vultu
2081 2599 2280 2652 reprae-
2338 2580 2343 2588 ’

522 2665 785 2717 sentabat.
863 2664 950 2715 Ne
984 2683 1109 2716 vero
1137 2664 1275 2716 circa
1299 2664 1416 2716 haec
1442 2665 1709 2734 prolixius
1737 2667 2058 2736 exequenda
2076 2667 2286 2720 diutius
2334 2709 2339 2715 .

521 2749 884 2811 immoremur,
926 2749 1307 2800 consummatis
1350 2751 1599 2803 omnibus
1643 2768 1766 2820 quae
1808 2752 1864 2802 in
1908 2753 2026 2822 ejus
2066 2771 2288 2823 suscep-a

522 2833 669 2884 tione
707 2833 912 2901 agenda
937 2833 1275 2896 videbantur,
1322 2834 1660 2904 dimissisque
1689 2835 1938 2887 omnibus
1964 2836 2021 2887 in
2046 2838 2281 2907 propria,
2336 2847 2344 2901 ζ,-

524 2926 632 2968 tam
673 2917 756 2968 his
796 2917 999 2969 scilicet
1046 2917 1140 2986 qui
1180 2918 1418 2970 venienti
1455 2928 1812 2983 occurrerant,
1860 2939 2022 2988 quam
2062 2921 2146 2973 his
2186 2923 2280 2991 qui
2340 2962 2346 2989 ἲ

525 3021 645 3053 eum
675 3020 706 3052 a
733 3001 1024 3054 Cantuaria
1049 3002 1353 3053 venientem
1375 3021 1484 3053 non
1511 3003 1624 3054 sine
1650 3004 1797 3071 gravi
1823 3021 2047 3056 maerore
2071 3006 2288 3065 deduxe·
2336 2999 2340 3003 ⁴

524 3094 692 3151 erant,
733 3087 848 3156 ipse
889 3087 954 3138 de
981 3095 1175 3138 caetero
1214 3086 1271 3137 in
1310 3087 1487 3138 medio
1520 3088 1747 3139 fratrum
1773 3089 2069 3140 conversari
2094 3091 2284 3161 coepit,
2343 3144 2345 3146 ,
2386 3083 2387 3086 ¹

523 3190 687 3240 seque
705 3171 954 3223 omnibus
970 3172 1192 3223 formam
1213 3171 1352 3222 bene
1371 3172 1584 3224 vivendi
1595 3173 1759 3225 verbo
1786 3182 1841 3225 et
1860 3175 2110 3244 exemplo
2128 3176 2287 3228 exhi-

521 3257 662 3320 buit,
698 3256 919 3309 studens
963 3256 1282 3308 omnimodis
1309 3256 1536 3326 amplius
1561 3258 1627 3309 ab
1654 3258 1902 3310 omnibus
1929 3260 2093 3312 amari
2119 3279 2283 3330 quam

522 3341 718 3394 timeri.

247 3425 484 3506 ssssffiffigtssis
595 3427 684 3479 Sic
734 3426 924 3492 electo,
968 3427 1041 3478 sic
1085 3428 1143 3478 in
1190 3427 1516 3480 monasterio
1560 3437 1830 3498 susceptO,
1882 3429 1994 3481 sola
2044 3429 2347 3486 restabat

248 3506 467 3580 fflffiifflm
519 3512 708 3575 adhuc,
751 3521 814 3564 ut
848 3513 921 3564 sic
962 3522 1459 3564 consummarentur
1491 3513 1685 3577 omnia,
1713 3514 2017 3565 benedictio
2047 3516 2114 3567 ab
2141 3515 2282 3585 epis·
2328 3548 2333 3554 ,
2378 3547 2379 3550 =

246 3589 458 3664 ffifflss‘sss'efr,
518 3617 651 3667 copo
686 3596 1044 3667 percipienda.
1122 3596 1328 3649 Verum
1365 3597 1617 3666 quoniam
1659 3598 1726 3649 ad
1753 3600 1869 3667 ejus
1894 3599 2155 3652 notitiam
2164 3601 2281 3670 jam
2327 3620 2347 3671 ξς
