2398 4152
510 423 618 483 174
1012 441 1295 483 HISTORIA
1339 442 1750 486 FUNDATIONIS

504 570 713 632 partem
751 563 1007 633 majorem
1040 565 1269 635 pervigil
1303 565 1361 640 in
1396 566 1637 619 oratione
1664 567 1924 637 transegit
1947 567 2261 632 insomnem,

504 666 561 699 se
586 666 907 718 causamque
944 668 1095 701 suam
1119 649 1242 702 Deo
1267 652 1657 716 commendanS,
1684 660 1974 722 sanctoque
2000 653 2261 716 Martino,

231 752 400 786 Proeeeds
417 756 455 787 to
503 741 568 785 ut
603 733 708 786 sibi
746 734 1030 787 advocatus
1055 735 1224 800 fieret,
1263 736 1541 788 humiliter
1566 738 1887 807 supplicans.
1965 738 2261 791 Celebratis

227 795 289 828 the
300 796 418 829 (κη’
501 817 560 868 in
584 818 816 871 crastino
854 818 1048 872 divinis
1081 820 1289 885 officiis,
1331 821 1645 892 simpliciter
1682 841 1806 875 cum
1839 823 1950 876 suis
1990 824 2059 876 ad
2080 823 2260 876 locum

501 902 760 987 depisioni
797 922 972 956 causae
1010 906 1301 974 praefixum
1338 907 1614 975 processit,
1649 916 1801 977 parte
1826 908 2043 960 adversa
2068 927 2141 960 ex
2164 925 2259 978 op·

497 988 677 1057 posito
701 988 952 1041 veniente
977 1008 1100 1042 cum
1126 991 1503 1043 advocatorum
1527 991 1894 1045 multitudine.
1936 993 2260 1045 Procurator

498 1081 556 1124 et
595 1073 880 1125 advocatus
918 1074 1227 1144 principalis
1262 1076 1321 1127 in
1346 1094 1504 1128 causa
1540 1077 1709 1147 partis
1742 1078 1973 1130 adversae
1999 1085 2114 1130 erat
2137 1077 2257 1147 qui-

493 1157 617 1209 dam
641 1159 895 1228 magister
917 1159 1014 1212 Ivo
1040 1159 1440 1224 Cornubiensis,
1477 1162 1574 1230 qui
1599 1163 1891 1231 procedens
1915 1163 1973 1215 in
1997 1163 2253 1227 medium,

493 1242 809 1313 litterasque
834 1253 1082 1313 patentes
1100 1245 1388 1298 Godefridi
1408 1247 1473 1298 (16
1499 1246 1638 1298 Luci
1663 1255 1792 1299 tunc
1814 1247 1869 1299 in
1893 1247 2256 1300 transmarinis

491 1327 660 1379 scolas
676 1328 1069 1397 frequentantis
1093 1330 1150 1381 in
1174 1331 1454 1400 publicum
1478 1331 1771 1400 proferenS,
1799 1331 2131 1385 commissam
2151 1331 2254 1384 sibi

492 1413 856 1466 manifestavit
895 1433 1088 1478 causae,
1115 1415 1566 1484 procurationem,
1595 1424 1652 1467 et
1678 1415 1965 1468 Godefridi
1998 1417 2257 1469 ratihabi-

490 1495 714 1550 tionem.
788 1497 924 1550 Erat
948 1507 1131 1551 autem
1154 1507 1284 1551 tunc
1308 1499 1404 1564 ibi,
1443 1507 1635 1569 utpote
1662 1501 1729 1551 ad
1753 1501 2038 1553 concilium
2060 1502 2252 1564 vocati,

490 1581 619 1633 cleri
637 1590 931 1635 conventus
948 1583 1235 1647 maximUS,
1261 1602 1371 1635 non
1391 1593 1569 1636 tamen
1593 1584 1916 1654 praesidente
1936 1584 2131 1655 legatO,
2158 1587 2253 1639 sed

490 1666 815 1736 quibusdam
855 1687 1075 1720 suorum
1116 1668 1315 1738 quibus
1344 1685 1517 1721 causae
1544 1669 1880 1722 commiserat
1910 1671 2250 1725 decisionem.

217 1763 338 1838 rvouof
349 1765 452 1798 com-
492 1750 762 1805 Praefatus
795 1772 922 1822 ergo
946 1754 1201 1823 magister
1225 1753 1323 1807 Ivo
1349 1754 1422 1806 sic
1449 1773 1673 1807 exorsus
1698 1755 1792 1807 ait.
1868 1759 1905 1784 “
1933 1755 2076 1809 Satis
2099 1757 2250 1810 vobis

215 1815 417 1883 322chOE
490 1836 693 1889 domini
728 1837 940 1907 judices
980 1856 1053 1890 ex
1094 1838 1305 1908 patenti
1348 1839 1658 1891 testimonio
1699 1839 2002 1893 litterarum
2046 1841 2251 1894 domini

486 1922 594 1974 mei
630 1922 917 1976 Godefridi
958 1923 1023 1975 (16
1063 1922 1201 1976 Luci
1234 1923 1499 1976 credimus
1538 1932 1797 1989 constare,
1837 1925 2015 1994 ipsum
2057 1934 2249 1996 utpote

486 2006 545 2059 in
570 2007 791 2060 remotis
818 2016 975 2060 extra
996 2009 1099 2061 hoc
1123 2027 1350 2079 regnum
1373 2010 1619 2079 partibus
1652 2009 1916 2062 scolarum
1941 2011 2120 2063 studia
2143 2011 2249 2063 fre-

484 2100 837 2161 quentantem
887 2093 1015 2145 huic
1057 2112 1231 2146 causae
1273 2110 1385 2145 suae
1428 2094 1688 2147 interesse
1724 2113 1833 2146 non
1875 2113 2050 2165 posse,
2089 2096 2248 2149 mihi-

482 2196 590 2247 que
623 2196 837 2230 causam
862 2179 1084 2231 eandem
1108 2180 1495 2250 procurandam
1520 2180 1861 2233 commisisse.
1940 2180 2110 2251 Cujus
2147 2200 2248 2251 ego

480 2263 826 2316 advocatione
861 2272 1125 2334 suscepta,
1162 2282 1273 2316 non
1295 2265 1558 2316 minorem
1582 2265 1716 2317 mihi
1741 2284 1903 2334 quam
1929 2265 1973 2317 si
1998 2266 2247 2319 dominus

478 2367 630 2400 meus
668 2367 906 2419 praesens
939 2350 1149 2402 adesset
1180 2349 1399 2420 postulo
1433 2350 1548 2402 dari
1587 2350 1933 2414 audientiam,
1976 2351 2069 2403 sed
2093 2359 2245 2405 tanto

479 2433 894 2503 diligentiorem,
952 2442 1155 2504 quanto
1205 2453 1419 2488 causam
1482 2454 1645 2505 quam
1694 2435 1978 2489 fovendam
2037 2436 2248 2506 suscepi

478 2526 686 2572 constat
711 2538 824 2572 esse
851 2520 1154 2590 justiorem.
1233 2520 1373 2573 Cum
1399 2521 1515 2591 jam
1538 2521 1666 2573 huic
1691 2520 1819 2573 vitae
1843 2521 2007 2572 finem
2030 2521 2248 2574 fecisset

478 2603 559 2655 vir
581 2603 900 2656 venerabilis
920 2604 1197 2657 Walterus
1222 2605 1388 2658 abbas
1414 2606 1479 2657 de
1507 2605 1680 2670 Bello,
1703 2605 1907 2658 domini
1931 2606 2037 2658 mei
2064 2605 2248 2659 Gode-

479 2687 607 2741 fridi
646 2696 891 2758 patruuS,
918 2689 1087 2741 totius
1127 2691 1437 2743 monasterii
1481 2691 1761 2762 dispositio
1805 2692 1863 2743 in
1887 2692 2051 2760 regiae
2094 2691 2247 2743 sulli-

478 2773 682 2826 mitatis
719 2774 935 2826 devenit
966 2782 1307 2844 potestatem,
1354 2776 1487 2828 adeo
1512 2785 1576 2829 ut
1599 2776 1658 2828 in
1684 2776 1887 2828 domini
1911 2777 2050 2845 regis
2075 2775 2244 2828 fuerit

479 2859 720 2923 arbitrio,
767 2860 1076 2911 monasterii
1114 2860 1284 2929 ipsius
1322 2861 1557 2930 regimen
1595 2862 1683 2914 cui
1722 2862 1885 2913 vellet
1909 2861 2243 2913 committere

480 2962 604 2996 cum
628 2952 810 2996 tamen
849 2944 906 2996 in
943 2945 1220 2997 voluntate
1253 2965 1362 2998 non
1400 2946 1652 2999 habuerit
1688 2947 1924 3015 aliquem
1956 2947 2015 2999 in
2048 2965 2112 2999 eo
2136 2946 2243 2999 nisi

479 3029 732 3081 canonice
768 3029 998 3082 electum
1035 3031 1309 3084 substitui.
1387 3030 1647 3083 Nondum
1682 3050 1849 3102 penes
1886 3049 1940 3083 se
1979 3030 2243 3083 delibera-

478 3123 629 3166 verat
676 3116 925 3185 majestas
975 3115 1140 3184 regia,
1180 3116 1268 3167 cui
1306 3116 1694 3168 monasterialis
1741 3116 2074 3186 praelationis
2114 3134 2241 3168 con-

477 3199 644 3251 ferret
691 3200 967 3263 honorem,
1016 3219 1137 3253 cum
1186 3201 1544 3269 presbiterum
1586 3202 1851 3271 quendam
1895 3190 2238 3253 Willelmum

478 3303 758 3352 personam
799 3285 1037 3337 ecclcsiae
1079 3286 1143 3337 (16
1180 3285 1276 3337 Wi
1316 3285 1545 3355 contigit
1580 3286 1708 3338 huic
1740 3286 1867 3338 vitae
1911 3286 2240 3339 renuntiare.

479 3369 747 3422 Dominus
772 3390 871 3422 rex
896 3370 1121 3434 ratione,
1160 3388 1268 3439 qua
1291 3371 1474 3440 potuit
1499 3372 1563 3423 (16
1594 3371 1764 3424 totius
1788 3370 2097 3423 monasterii
2124 3389 2240 3423 cor-

477 3473 606 3522 pore
631 3474 729 3523 pro
753 3455 1028 3508 voluntate
1055 3456 1357 3525 disponere,
1384 3456 1697 3526 praedictam
1735 3456 2009 3508 ecclesiam
2047 3456 2114 3507 (16
2139 3455 2238 3508 Wi

476 3537 534 3588 in
559 3539 727 3591 fundo
754 3540 1064 3592 monasterii
1102 3540 1257 3592 sitam
1289 3541 1505 3592 domino
1530 3560 1650 3594 meo
1680 3541 1979 3593 Godefrido
2006 3541 2071 3593 (16
2098 3540 2237 3593 Luci

474 3622 692 3690 pietatis
718 3633 775 3675 et
799 3624 1035 3676 caritatis
1061 3624 1320 3677 concessit
1345 3624 1567 3689 intuitU,
1596 3634 1652 3677 et
1677 3633 1820 3677 carta
1845 3644 1956 3689 sua,
1986 3644 2147 3695 quam
2171 3625 2238 3677 ad
