2398 4152
452 417 560 471 136
940 429 1219 471 HISTORIA
1270 428 1680 473 FUND-ATIONIS
1694 436 1702 441 ·’

449 555 595 606 tibus
637 553 845 623 positis,
888 550 1010 606 cum
1053 554 1392 606 vicecomites
1435 555 1635 624 aliique
1676 556 2072 625 provinciarum
2110 551 2208 626 ‘poi-

450 646 626 689 tentes
664 656 788 688 eum
818 657 981 708 super
1004 624 1349 696 libertatibus
1375 647 1431 690 et
1468 639 1823 708 dignitatibus
1848 642 1976 704 suis,
2004 640 2113 692 tam
2139 641 2206 693 ab

450 742 533 786 e0,
562 741 725 791 quam
748 723 815 774 ab
841 723 1150 775 hominibus
1166 724 1432 788 ecclesiae,
1459 724 1700 775 indebita
1719 724 1988 794 exigendo
2011 743 2208 776 vexare

448 806 769 870 niterentur,
795 815 1050 876 putantes
1077 826 1131 858 se
1159 808 1233 860 sic
1258 809 1326 859 ab
1353 827 1416 859 eo
1438 816 1695 876 tanquam
1718 828 1816 878 pro
1839 809 2208 878 redemptione

448 914 629 946 rerum
683 904 739 947 et
786 895 1100 947 libertatum
1158 915 1374 949 suarum
1430 914 1654 948 munera
1713 905 2042 966 accepturOS,
2093 897 2210 966 ipse

449 979 667 1047 quidem
694 980 934 1031 omnium
960 999 1145 1032 eorum
1170 981 1362 1032 timore
1388 981 1582 1044 nudus,
1610 981 1812 1033 nullius
1837 979 2024 1032 eorum
2059 980 2210 1050 cupi-

448 1064 604 1116 ditati
631 1064 1144 1117 satisfacerevoluit.
1222 1065 1311 1117 Sic
1338 1065 1540 1135 quippe
1567 1066 1631 1117 de
1660 1065 1860 1116 domini
1892 1065 2037 1142 regis
2056 1064 2232 1117 beni-‘
2255 1121 2260 1125 ,

446 1148 682 1200 volentia
707 1149 1024 1213 confidebat,
1051 1169 1149 1219 per
1188 1169 1350 1219 quem
1385 1150 1450 1200 de
1478 1150 1725 1201 omnibus
1752 1169 1875 1218 quae
1901 1149 2073 1202 voluit
2109 1150 2212 1201 im-

446 1233 697 1302 petravit,
731 1253 896 1303 seque
935 1253 1131 1287 vexare
1157 1234 1416 1286 ,volentes
1454 1242 1722 1303 potestate
1762 1235 1996 1286 vexandi
2022 1242 2078 1285 et
2115 1252 2209 1303 spe

447 1317 685 1368 muneris
710 1318 776 1369 ab
803 1337 867 1370 eo
892 1318 1227 1387 percipiendi
1253 1318 1536 1370 frustratos
1579 1318 1923 1387 compescuit.
1999 1318 2209 1369 Decore

179 1419 347 1452 Enriches
367 1421 427 1453 the
447 1409 709 1470 praeterea
759 1403 947 1453 domus
997 1402 1106 1453 Dei
1156 1402 1468 1466 delectatUS,
1515 1402 1898 1453 monasterium
1933 1421 2090 1462 suum
2129 1410 2213 1454 tot

174 1462 364 1551 ἶιιᾎῖῗέἆιε
447 1486 720 1554 tantisque
755 1486 950 1554 palliis,
991 1486 1206 1549 casulis,
1231 1486 1431 1555 cappis,
1474 1485 1625 1548 albis,
1654 1485 1965 1549 dalmaticiS,
1994 1487 2208 1551 tunicis,

173 1544 311 1577 domet
320 1554 424 1577 ΜΝ
449 1564 665 1639 tapetis,
693 1570 876 1637 signis,
897 1570 1173 1638 variisque
1212 1578 1647 1621 ornamentorum
1672 1570 2021 1622 varietatibus
2057 1572 2210 1624 ador-

447 1654 612 1718 navit,
643 1662 779 1722 quot
804 1663 860 1706 et
899 1654 1116 1723 quantis
1149 1673 1308 1705 nemo
1342 1655 1794 1723 praedecessorum
1829 1656 2055 1707 suorum
2073 1655 2211 1710 illud

448 1739 744 1790 dinoscitur
770 1740 1068 1792 adornasse.
1127 1738 1436 1792 Claustrum
1454 1739 1678 1790 fratrum
1701 1758 1732 1790 a
1755 1740 1942 1808 primis
1968 1740 2222 1792 ecclesiae

445 1824 810 1876 fundamentis
852 1824 1031 1876 minus
1073 1824 1321 1876 decenter
1369 1832 1680 1875 extructum
1729 1824 1976 1876 funditus
2022 1824 2206 1890 diruit,

447 1909 706 1977 aliudque
733 1927 804 1960 ex
831 1909 1087 1961 tabulatis
1121 1928 1181 1960 ac
1208 1909 1472 1961 columnis
1499 1908 1808 1961 marmoreis
1835 1928 1995 1978 opere
2033 1909 2208 1978 polito

447 2002 503 2044 et
546 1993 708 2062 plano
748 1993 1069 2046 construxit.
1159 1993 1286 2047 Quo
1338 2001 1721 2055 consummatO,
1771 1992 2088 2044 lavatorium
2138 2012 2210 2044 ex

447 2077 608 2128 simili
636 2077 859 2128 materia
884 2090 939 2129 et
965 2096 1126 2146 opere
1170 2077 1345 2128 facere
1388 2065 1691 2140 intendens,
1720 2077 1949 2129 artifices
1989 2078 2208 2147 quidem

446 2162 726 2226 conduxit,
779 2163 873 2213 sed
920 2171 1092 2213 morte
1141 2170 1469 2232 praeventuS,
1523 2181 1646 2213 cum
1697 2181 2060 2214 consummare
2099 2181 2209 2214 non

443 2254 643 2315 posset,
685 2246 1039 2297 substantiam
1066 2265 1174 2315 qua
1208 2254 1666 2298 consummaretur
1698 2246 2001 2314 assignavit.

177 2348 244 2380 ms
264 2349 391 2389 death;
517 2330 770 2381 Florente
815 2330 888 2381 sic
937 2330 996 2381 in
1039 2331 1288 2383 omnibus
1334 2339 1479 2383 statu
1517 2331 1774 2395 ecclesiae,
1815 2349 1937 2381 cum
1988 2332 2102 2401 jam
2151 2331 2210 2383 in

173 2392 337 2470 ‘iffi‘im'
443 2415 544 2466 hoc
583 2433 696 2466 esse
721 2414 994 2466 videretur
1020 2424 1084 2466 ut
1121 2435 1194 2467 ex
1218 2416 1348 2467 flore
1388 2416 1597 2467 fructus
1637 2415 1852 2467 uberior
1875 2416 2207 2484 procederet,

444 2506 668 2568 repente
696 2518 814 2568 spes
841 2499 1012 2550 omnis
1037 2500 1349 2563 absciditur,
1376 2500 1503 2551 dum
1529 2500 1672 2551 idem
1696 2499 1777 2551 vir
1799 2499 2116 2551 venerabilis
2143 2501 2209 2551 de

444 2585 622 2638 medio
648 2585 877 2637 tollitur.
954 2585 1219 2637 Extrema
1242 2605 1475 2654 namque
1502 2585 1587 2636 sui
1613 2583 1849 2653 corporis
1874 2592 2024 2653 parte
2051 2584 2206 2635 semi-

443 2678 672 2732 mortua,
702 2688 824 2720 cum
848 2689 946 2738 per
983 2670 1163 2738 plures
1204 2689 1370 2722 annos
1412 2669 1736 2738 aegritudine
1764 2668 2017 2720 continua
2061 2669 2210 2720 labo-

443 2762 630 2816 rasset,
674 2754 777 2805 sibi
827 2754 884 2804 in
932 2755 1084 2805 nullo
1133 2755 1438 2824 indulgens,
1494 2754 1782 2823 quominus
1832 2753 2069 2822 seipsum
2106 2772 2206 2823 pro

446 2839 604 2890 domo
652 2838 753 2890 sibi
795 2838 1074 2890 commissa
1113 2839 1170 2889 in
1206 2840 1545 2908 quibuslibet
1584 2837 1814 2890 adversis
1862 2845 2074 2888 scutum
2111 2856 2207 2906 op-

444 2931 685 2991 poneret,
715 2922 933 2973 tandem
967 2941 1089 2973 cum
1127 2924 1396 2992 quoddam
1438 2921 1747 2973 monasterii
1790 2922 2085 2972 manerium
2111 2921 2208 2972 Wi

442 3007 659 3057 nomine
700 3005 951 3057 visitandi
990 3006 1163 3074 gratia
1205 3007 1417 3070 adisset,
1446 3006 1614 3076 coepit
1651 3013 1871 3074 repente
1912 3005 2070 3056 solito
2094 3024 2208 3056 mo-

442 3090 632 3141 lestius
678 3091 893 3142 sentire.
970 3090 1378 3159 Ingravescente
1421 3110 1519 3160 per
1553 3090 1665 3141 dies
1708 3089 2040 3153 infirmitate,
2077 3089 2206 3142 satis

441 3175 602 3226 vicini
643 3175 953 3226 monasterii
995 3177 1059 3227 de
1088 3175 1406 3227 Favresham
1445 3175 1696 3226 abbatem
1741 3173 2198 3237 Clarenbaldum,1

439 3260 613 3310 virum
665 3260 885 3328 quidem
926 3260 1285 3311 venerabilem
1329 3267 1386 3311 et
1425 3260 1483 3310 in
1521 3259 1764 3329 partibus
1808 3259 1918 3310 suis
1966 3258 2203 3327 religiosi

437 3364 634 3396 nomen
672 3345 962 3396 habentem
1002 3345 1258 3407 evocavit,
1288 3363 1409 3396 cum
1451 3363 1514 3395 eo
1553 3344 1618 3394 de
1659 3343 1828 3394 salute
1869 3342 2060 3393 animae
2086 3358 2199 3393 suae

435 3429 731 3491 conferens,
759 3437 813 3480 et
852 3430 916 3480 de
945 3429 1254 3480 excessibus
1283 3447 1417 3497 quos
1448 3428 1505 3479 in
1529 3427 1785 3497 praesenti
1810 3427 1920 3478 vita
1946 3435 2197 3479 contrax-

487 3559 499 3583 ¹
532 3560 626 3603 One
648 3560 696 3602 of
711 3560 783 3602 the
806 3560 1020 3616 delegates
1035 3560 1264 3617 appointed
1358 3559 1476 3608 sake,
1497 3557 1570 3600 the
1591 3557 1736 3600 Abbot
1768 3557 1816 3599 of
1832 3558 1874 3601 S.
1899 3558 2184 3615 Augustine’s

424 3624 470 3658 to
493 3617 691 3660 examine
714 3617 786 3660 the
809 3632 935 3660 cause
957 3618 1005 3659 of
1020 3617 1087 3659 his
1117 3632 1261 3660 name·
1360 3616 1531 3674 Twysd.
1553 3619 1680 3659 1818.
