2398 4152
511 423 615 481 172
1011 438 1293 479 HISTORIA
1334 436 1750 480 FUNDATIONIS

508 584 640 635 pum
668 563 1053 632 contingebant
1090 580 1202 614 esse
1233 563 1540 638 verendum,
1571 563 1734 616 abbas
1761 562 1914 632 quasi
1933 564 2047 633 jam
2085 569 2275 616 secure
2337 575 2342 614 ί

509 651 662 702 litem
686 649 1039 718 ingressurUS,
1071 648 1186 717 jam
1212 647 1277 698 de
1310 638 1424 699 solo
1456 648 1728 711 advocatO,
1756 647 1845 699 cui
1870 665 2082 699 causam
2114 665 2266 698 suam
2345 657 2355 711 γ’,

510 734 874 787 committeret
908 732 1314 795 defendendam,
1342 732 1512 802 coepit
1547 751 1660 785 esse
1698 731 1978 784 sollicitus·
2057 729 2275 783 Conve-

509 821 664 871 niens
688 819 872 888 itaque
895 818 1160 886 quendam
1187 817 1499 869 clericorum
1524 816 1927 887 archiepiscopi,
1953 814 2268 885 magistrum
2336 806 2355 842 :1

510 904 716 956 scilicet
756 903 1060 954 Gerardum
1103 909 1458 971 cognomento
1503 901 1769 966 Puellam,
1819 901 1995 954 virum
2046 900 2268 970 quidem

510 988 931 1041 eruditissimum
950 995 1006 1039 et
1027 986 1494 1050 litteratissimum,
1520 986 1863 1057 postmodum
1877 1004 2003 1038 vero
2021 983 2271 1037 Cestren-

510 1093 621 1126 sem
670 1073 1000 1143 episcopum,
1042 1090 1254 1123 causam
1299 1089 1450 1123 suam
1494 1070 1597 1123 sibi
1646 1069 1918 1140 exposuit,
1968 1088 2160 1139 rogans
2203 1076 2270 1120 ut
2343 1078 2351 1129 ἶ

509 1159 751 1228 antiquae
787 1157 1166 1209 familiaritatis
1197 1157 1369 1226 gratia
1398 1156 1497 1208 sub
1531 1163 1738 1208 mutuae
1763 1154 2145 1235 vicissitudinis
2169 1154 2268 1206 ob-

509 1252 666 1296 tentu
699 1263 815 1295 eam
854 1243 1135 1295 fovendam
1170 1241 1479 1310 susciperet.
1558 1240 1800 1292 Clericus
1836 1240 1947 1304 ille,
1988 1239 2173 1291 audita
2211 1245 2274 1293 et..
2337 1283 2347 1306 ,

507 1329 722 1399 plenius
763 1328 976 1397 cognita
1005 1343 1178 1379 causae
1213 1326 1365 1390 serie,
1397 1326 1693 1395 respondit,
1731 1344 1942 1378 causam
1983 1325 2131 1376 illam
2169 1324 2266 1376 do-
2332 1331 2338 1352 '³

506 1415 714 1466 minum
750 1432 907 1466 suum
957 1412 1414 1481 archiepiscopum
1455 1411 1783 1479 contingere,
1826 1428 1926 1462 nec
1962 1428 2018 1461 se
2056 1417 2265 1480 partem
2334 1421 2358 1475 “j

507 1499 741 1568 aliquam
780 1516 936 1567 posse
972 1497 1132 1560 tueri,
1170 1496 1298 1565 quia
1337 1495 1542 1547 domini
1582 1495 1666 1547 sui
1714 1502 1866 1546 actus
1907 1494 2058 1547 velut
2088 1495 2274 1546 minus,
2311 1499 2322 1562 J
2337 1511 2353 1560 315

504 1582 850 1635 rationabiles
897 1581 1172 1634 videretur
1228 1580 1549 1649 improbare.
1651 1579 1756 1631 Illo
1817 1579 1891 1631 sic
1953 1587 2294 1643 excusante,'

503 1668 667 1720 abbas
706 1667 1022 1736 magistrum
1063 1663 1508 1716 Bartholomeum
1548 1663 1919 1715 Exoniensem
1954 1663 2266 1733 episcopum
2332 1667 2340 1728 ,ᾖ

503 1739 608 1805 sibi
648 1753 776 1804 olim
820 1751 1138 1804 familiarem
1182 1749 1434 1819 expetiit,
1477 1756 1541 1800 ut
1584 1767 1692 1800 una
1738 1767 1859 1800 cum
1904 1748 2111 1800 clericis
2156 1749 2271 1801 suis

504 1855 688 1889 secum
729 1837 787 1888 in
824 1855 979 1889 causa
1019 1854 1115 1888 sua
1152 1842 1334 1887 staret.
1411 1834 1716 1903 Episcopus
1757 1851 2076 1902 cognoscens
2119 1832 2267 1902 quod
2327 1855 2348 1891 j

503 1923 752 1974 adversus
793 1921 1157 1973 Godefridum
1197 1921 1262 1972 de
1307 1919 1446 1971 Luci
1486 1927 1626 1971 esset
1668 1919 1951 1987 agendum,
1989 1917 2270 1987 respondit
2340 1910 2348 1931 ⁷

504 2007 736 2058 eundem
765 2006 1128 2058 Godefridum
1153 2004 1484 2057 Exoniensis
1517 2003 1756 2056 ecclesiae
1790 2022 1903 2055 esse
1930 2003 2267 2067 canonicum,
2331 1999 2338 2018 ⁴³

505 2110 603 2143 nec
630 2110 686 2143 se
714 2109 925 2142 causam
964 2090 1211 2155 alienam,
1241 2090 1307 2141 ad
1333 2109 1386 2142 se
1423 2107 1533 2140 non
1566 2088 1945 2158 pertinentem,
1973 2096 2158 2140 contra
2182 2107 2268 2140 ca-

503 2176 759 2229 nonicum
797 2195 954 2227 suum
989 2194 1143 2245 posse
1168 2175 1366 2228 fovere.
1444 2174 1822 2226 Praetendente
1865 2172 2116 2242 episcopo
2163 2172 2267 2225 hu·
2335 2183 2341 2198 †
2388 2162 2398 2236 ¹j

498 2261 738 2332 jusmodi
787 2260 1212 2323 excusationem,
1265 2258 1551 2311 declinavit
1609 2258 1771 2310 abbas
1828 2258 1896 2309 ad
1951 2257 2267 2326 magistrum
2390 2266 2398 2299 5³

505 2347 540 2399 J
543 2347 807 2398 ohannem
835 2345 1309 2407 Saresberiensem,
1350 2343 1693 2414 postmodum
1721 2341 2103 2394 Carnotensem
2129 2342 2268 2412 epis·
2292 2394 2304 2407 <
2334 2348 2343 2409 ss

507 2451 721 2501 copum‚
773 2449 897 2482 eum
942 2430 1007 2481 de
1047 2448 1205 2481 causa
1254 2447 1350 2481 sua
1388 2427 1686 2491 consulem,
1726 2435 1779 2479 et
1828 2427 2096 2479 auxilium
2143 2446 2268 2497 pos·
2330 2424 2333 2425 ⁷
2389 2446 2393 2461 2

505 2516 701 2568 tulanS.
780 2514 891 2567 Sed
923 2514 1065 2566 idem
1105 2514 1377 2566 Johannes
1423 2532 1478 2565 se
1520 2531 1798 2576 excusanS,
1847 2516 1883 2541 “
1912 2511 2268 2577 CanonicUS‚”
2328 2538 2338 2584 3
2384 2503 2385 2506 Ἴ

503 2601 702 2670 inquit,
753 2604 924 2653 “sum
968 2599 1295 2652 Exoniensis
1346 2598 1602 2664 ecclesiae,
1647 2616 1746 2650 nec
1791 2596 2093 2650 Godefrido
2142 2603 2274 2651 011111,
2329 2603 2342 2642 ῑὲ
2389 2601 2391 2606 ’

505 2688 746 2757 ejusdem
791 2685 1029 2738 ecclesiae
1072 2684 1202 2737 socii
1236 2692 1291 2736 et
1326 2683 1669 2736 concanonici
1709 2682 1873 2735 simus
1915 2701 2135 2751 possum
2172 2682 2270 2735 ad·

503 2770 752 2823 versari.”
827 2768 896 2821 In
939 2769 1082 2821 hunc
1121 2769 1342 2820 modum
1384 2787 1439 2820 se
1485 2768 1817 2819 excusabant
1858 2766 2077 2831 omneS,¹
2105 2774 2266 2836 quot-
2340 2775 2341 2779 ’

506 2864 641 2925 quot
677 2855 875 2906 habere
921 2854 1174 2905 credebat
1211 2853 1408 2905 amicos
1454 2860 1509 2904 et
1550 2852 1856 2904 familiares.
1936 2850 2131 2903 Clerici
2171 2852 2269 2904 do-
2332 2851 2340 2891 3

504 2941 638 2992 mini
673 2940 814 3009 regis
852 2947 907 2990 et
943 2937 1344 3007 archiepiscopi,
1395 2956 1606 2989 causam
1653 2936 1801 2988 illam
1851 2937 2093 2989 dominos
2140 2955 2271 2989 suos.

507 3026 757 3078 dicebant
794 3024 1122 3092 contingere,
1161 3040 1260 3073 nec
1311 3039 1365 3074 se
1415 3021 1753 3073 dominorum
1801 3039 2021 3072 suorum
2065 3020 2264 3073 diffini·
2332 3010 2339 3053 ᾗ

506 3112 745 3163 tionibus
793 3128 948 3179 posse
999 3107 1378 3160 contradicere.
1478 3106 1871 3176 Episcoporum
1933 3113 1989 3157 et
2047 3105 2266 3158 clerico·
2334 3115 2337 3150 ῑ
2379 3105 2383 3130 ³

505 3216 625 3248 rum
676 3196 769 3248 alii
817 3195 1067 3247 dicebant
1117 3190 1479 3245 Godefridum
1541 3209 1652 3243 esse
1714 3189 2026 3242 canonicum
2086 3209 2260 3254 suum,
2329 3192 2335 3245 ’,

505 3282 597 3334 alii
632 3279 1066 3334 concanonicum.
1145 3277 1455 3330 Communis
1490 3276 1729 3328 omnium
1764 3284 1819 3327 et
1850 3275 2113 3343 generalis
2148 3284 2267 3329 erat.
2324 3292 2327 3314 -’

506 3366 801 3429 excusatio,
841 3384 895 3417 se
932 3363 1356 3432 indignationem
1394 3361 1596 3413 domini
1634 3359 1853 3412 Ricardi
1891 3360 1957 3411 de
1996 3359 2133 3412 Luci
2169 3379 2270 3431 pa-
2323 3379 2331 3405 π

564 3520 575 3544 ¹
609 3518 683 3562 All
704 3518 825 3561 these
845 3531 1020 3574 persons
1042 3523 1086 3558 to
1108 3516 1247 3558 whom
1264 3515 1337 3557 the
1427 3513 1455 3556 a
1475 3513 1668 3566 Becket3
1699 3512 1783 3555 and
1818 3512 1984 3555 various
2013 3511 2160 3556 letters
2188 3512 2262 3556 acl-

505 3577 651 3620 Abbot
718 3575 948 3618 addressed
997 3573 1177 3616 himself
1228 3588 1338 3616 were
1426 3571 1599 3614 dressed
1626 3577 1671 3613 to
1691 3570 1810 3613 them
1846 3585 1917 3612 are
1949 3570 2083 3613 found
2112 3571 2157 3614 in
2186 3570 2260 3614 the
2325 3575 2336 3629 {J
2370 3583 2371 3586 ’

501 3631 662 3678 friends
690 3635 738 3677 of
753 3633 825 3677 the
847 3632 1119 3691 Archbishop
1149 3631 1338 3675 Thomas
1427 3629 1564 3688 Epist.
1583 3628 1611 3673 J
1614 3643 1710 3673 oan.
1731 3628 2073 3673 Sarisburiensis.
