2398 4152
198 1175 264 1206 His
279 1174 414 1215 dispute

198 1215 282 1247 with
297 1217 355 1247 the

195 1257 322 1298 Bishop
337 1256 375 1288 of

195 1298 399 1331 Chichester.

474 446 543 498 26
972 450 1251 491 HISTORIA
1289 445 1696 488 FUNDATIONIS

470 582 608 649 regis
634 578 905 647 capellam,
946 594 1044 625 nec
1087 574 1142 623 in
1183 592 1260 635 ea,
1298 572 1383 623 vel
1421 570 1477 620 in
1519 569 1662 620 omni
1703 568 2031 637 possessione
2074 569 2208 638 ejus,

470 665 751 732 quisquam
776 659 978 728 aliquid
1004 655 1312 708 calumniari
1337 653 1521 722 possit,
1542 652 1645 703 nisi
1669 653 1834 720 gratis
1859 660 1916 703 et
1939 651 2210 705 caritative

468 745 842 815 impendatur.¹
943 746 949 751 '

538 827 739 879 Abbati
765 825 924 877 etiam
964 841 1085 875 cum
1125 821 1326 873 curiam
1369 820 1558 884 adiret,
1579 862 1583 865 «
1603 819 1976 872 liberationem
2012 818 2208 872 habere

464 910 758 967 constituit.

537 994 789 1063 Hospitia
814 1007 1028 1061 quoque
1066 989 1211 1059 apud
1236 988 1574 1041 Lundoniam
1611 996 1666 1040 et
1690 988 2027 1041 Wintoniam
2064 986 2207 1040 dele-

460 1066 623 1135 gavit.

537 1149 747 1201 Abbate
769 1147 936 1216 igitur
963 1145 1288 1208 GausbertO,
1317 1152 1373 1196 et
1396 1144 1561 1212 regiae
1586 1143 1878 1214 majestatis
1892 1142 2203 1207 reverentia,

465 1242 520 1284 et
556 1233 770 1302 propria
810 1229 1111 1300 prudentia,
1152 1228 1444 1297 plurimum
1488 1247 1661 1280 coram
1698 1228 1849 1296 regni
1885 1227 2207 1297 primoribus

462 1317 676 1369 honoris
708 1317 883 1368 locum
915 1314 1212 1383 optinente,
1241 1313 1476 1382 episcopi
1500 1323 1678 1366 tamen
1702 1313 1975 1366 Cicestriae
2009 1312 2207 1381 saepius

459 1401 799 1453 infestatione
852 1398 1163 1450 vexabatur.
1276 1396 1460 1466 Ipsum
1523 1417 1714 1467 nempe
1768 1397 2013 1450 sinodum
2064 1397 2205 1466 apud

465 1485 770 1537 Cicestriam
806 1482 948 1535 adire
989 1482 1376 1546 summonebat,
1423 1482 1690 1534 abbatiam
1744 1481 1895 1550 quasi
1940 1481 2007 1533 ad
2055 1499 2205 1533 suam

460 1569 710 1621 diocesim
730 1567 1086 1637 pertinentem
1111 1565 1357 1635 plurimis
1377 1565 1655 1618 calumniis
1677 1566 1977 1635 opprimere
1999 1582 2206 1635 quaere-

458 1655 565 1718 bat,
594 1663 656 1706 ut
680 1653 882 1705 scilicet
925 1652 980 1704 in
1024 1671 1086 1704 ea
1110 1652 1195 1704 vel
1233 1652 1290 1702 in
1315 1652 1417 1716 his,
1445 1671 1568 1721 quae
1613 1651 1760 1703 illius
1790 1661 1959 1716 erant,
1986 1652 2087 1704 sibi
2112 1659 2207 1704 aut

458 1737 690 1789 ecclesiae
741 1753 851 1789 suae
906 1736 1082 1788 aditus
1120 1736 1427 1789 dominandi
1484 1736 1678 1806 aliquis
1739 1744 1963 1805 pateret.
2042 1736 2209 1792 Quod

456 1840 756 1891 praecavens
792 1822 973 1885 abbaS,
1000 1820 1116 1872 haec
1142 1820 1338 1873 iterum
1378 1820 1540 1890 regiae
1581 1819 1767 1872 intulit
1803 1821 1959 1872 aulae.
2038 1820 2206 1891 Cujus

455 1906 532 1957 rei
560 1925 715 1958 causa
739 1924 914 1958 coram
939 1906 1078 1974 regis
1103 1905 1250 1958 curia
1275 1905 1546 1969 ventilata,
1574 1913 1837 1957 statutum
1864 1914 1945 1958 est
1969 1905 2026 1957 in
2063 1924 2205 1958 com-

456 1991 622 2054 muni,
651 2000 713 2042 ut
738 1991 802 2042 de
826 1991 1010 2042 eadem
1035 1990 1256 2042 ecclesia
1281 1999 1337 2042 et
1360 1990 1518 2058 leuga
1550 1990 1958 2060 circumjacente
1996 2009 2052 2042 se
2089 1990 2203 2059 epi-

457 2094 644 2145 scopus
670 2094 778 2127 non
802 2075 1202 2139 intromitteret,
1231 2076 1323 2127 sed
1347 2076 1508 2127 abbas
1534 2075 1772 2127 ecclesiae
1809 2094 1921 2128 suae
1948 2084 2004 2127 et
2027 2075 2203 2144 leugae

456 2160 878 2230 circumjacentis
897 2161 1071 2230 judex
1097 2160 1168 2211 sit
1192 2170 1246 2220 et
1271 2160 1533 2223 dominus,
1563 2168 1625 2211 ut
1648 2160 1782 2212 servi
1810 2159 1917 2211 Dei
1955 2160 2203 2212 seculari-

452 2246 551 2306 bus
578 2246 716 2297 curis
743 2245 1002 2314 expediti,
1030 2245 1129 2298 soli
1156 2244 1276 2297 Deo
1303 2254 1358 2296 et
1382 2244 1541 2296 saluti
1567 2244 1805 2296 omnium
1842 2244 2201 2307 intenderent,

454 2339 508 2380 et
533 2347 643 2381 suae
670 2330 908 2382 ecclesiae
935 2348 1056 2382 cum
1076 2329 1332 2399 praedicta
1368 2329 1543 2398 leuga,
1585 2338 1640 2381 et
1677 2328 1901 2381 seculari
1940 2338 1995 2380 et
2032 2329 2200 2381 eccle-

454 2414 663 2466 siastico
705 2434 850 2467 more
895 2424 1204 2484 praeessent,
1253 2415 1504 2484 episcopo
1548 2414 1663 2465 haec
1712 2424 1768 2466 et
1811 2414 2019 2483 reliqua
2076 2431 2200 2483 quae

453 2499 706 2566 praedicta
725 2509 851 2551 sunt
877 2518 997 2551 cum
1022 2499 1188 2567 regali
1223 2499 1543 2551 auctoritate
1580 2498 1944 2560 confirmante.
2021 2498 2200 2551 Firma

453 2583 616 2651 igitur
641 2584 784 2651 pacis
809 2584 1087 2636 concordia
1110 2584 1251 2635 inter
1275 2584 1417 2653 ipsos
1441 2583 1581 2635 viros
1605 2582 1932 2635 venerabiles
1966 2602 2037 2635 ex
2070 2593 2198 2636 tunc

455 2676 816 2734 permanente,
842 2668 942 2719 hoc
968 2669 1127 2721 etiam
1154 2687 1249 2721 sua
1273 2668 1592 2721 auctoritate
1619 2668 1898 2737 episcopus
1924 2668 2199 2721 confirma-

457 2750 565 2812 vit;
595 2760 657 2801 ut
682 2751 724 2802 si
750 2752 1020 2819 provincia
1053 2753 1163 2817 illa,
1192 2753 1478 2822 episcopali
1505 2753 1786 2816 sententia,
1814 2771 1912 2822 pro
1937 2753 2119 2822 aliqua
2142 2772 2198 2805 re

458 2834 739 2886 interdicta
796 2835 977 2899 fuerit,
1023 2836 1242 2888 ecclesia
1292 2837 1459 2889 sancti
1511 2837 1736 2889 Martini
1782 2836 1867 2888 de·
1889 2837 2044 2889 Bello
2092 2856 2200 2890 non

459 2918 701 2982 cessabit,
736 2919 827 2970 sed
870 2919 912 2970 si
954 2920 1092 2972 infra
1130 2921 1323 2973 factam
1366 2921 1794 2974 interdictionem
1827 2921 2023 2991 aliquis
2065 2939 2202 2991 prae-

458 3002 614 3053 dictae
653 3002 888 3054 ecclesiae
914 3003 1075 3055 frater
1112 3015 1206 3056 aut
1240 3024 1386 3057 soror
1426 3014 1595 3058 morte
1637 3015 1941 3074 praeventus
1984 3007 2040 3057 in
2077 3025 2200 3075 pro-

456 3086 627 3139 vincia
683 3087 894 3155 sepeliri
937 3107 1043 3139 non
1091 3089 1275 3157 possit,
1331 3090 1590 3159 requisita
1640 3099 1929 3142 memorata
1982 3091 2202 3143 ecclesia

457 3171 622 3222 sancti
650 3171 893 3235 Martini,
919 3171 1188 3225 licentiam
1214 3174 1504 3242 sepeliendi
1530 3175 1729 3243 absque
1755 3175 1898 3226 omni
1936 3175 2199 3227 calumnia

457 3252 975 3323 episcopali'habeat,
1003 3257 1105 3308 nisi
1139 3258 1277 3309 forte
1318 3259 1362 3311 is
1404 3259 1499 3327 qui
1541 3259 1875 3328 sepeliendus
1912 3267 1994 3311 est
2032 3260 2198 3312 inter-

455 3337 699 3390 dictionis
730 3340 896 3391 fuerit
931 3359 1103 3392 causa.
1179 3342 1255 3392 Et
1299 3343 1342 3393 si
1382 3343 1733 3395 forisfacturae
1779 3342 2198 3396 Christianitatis

457 3422 698 3488 quolibet
743 3425 898 3475 modo
942 3424 1081 3476 infra
1133 3426 1344 3494 leugam
1396 3429 1732 3496 contigerint,
1781 3447 1955 3479 coram
2006 3429 2195 3481 abbate

518 3540 529 3565 ¹
553 3540 630 3581 Sec
653 3541 724 3582 the
745 3543 1018 3599 procecdings
1039 3545 1083 3586 in
1107 3545 1176 3587 the
1203 3545 1280 3602 sy·
1366 3546 1492 3587 lative
1515 3553 1558 3588 to
1581 3546 1665 3588 this
1682 3547 1941 3603 exemption.
1989 3548 2196 3591 Wilkins'

457 3597 540 3639 nod
574 3598 619 3640 of
650 3599 910 3655 chichester,
933 3616 975 3642 A.
993 3616 1034 3644 D.
1060 3603 1183 3656 1157,
1217 3618 1281 3645 re-
1360 3603 1532 3648 Concss.
1556 3604 1583 3646 i.
1606 3604 1707 3647 427.
2182 3653 2224 3697 ἢ
