2398 4152
726 440 1089 482 MoNASTERII
1132 441 1212 481 DE
1253 441 1459 481 BELLO.
1884 429 1949 482 69

215 576 383 613 nones
423 563 719 632 persolvere
760 565 998 633 cogebat.
1074 564 1352 633 Hospitari
1388 564 1549 615 etiam
1573 563 1630 614 in
1654 563 1835 614 eadem
1859 565 1951 615 ab-

218 645 377 709 batia,
421 654 476 697 et
517 647 575 698 in
615 648 860 700 maneriis
903 648 1164 717 ejusdem,
1197 642 1511 699 auctoritate
1564 646 1850 715 episcopali
1897 655 1952 699 et

217 729 372 796 quasi
413 748 484 780 ex
523 732 902 782 consuetudine
938 732 1255 787 affectabat.¹
1331 730 1600 781 Abbatem
1632 748 1754 781 vero
1781 738 1836 780 et
1859 731 1951 781 ab-

220 811 418 863 batiam
457 813 792 883 hospitando,
835 832 1063 883 quaeque
1112 833 1208 882 pro
1257 814 1419 865 libitu
1460 813 1802 881 disponendo,
1855 832 1951 865 suo

212 895 325 963 juri
351 897 575 948 subdere
600 898 896 951 anhelabat.
974 898 1119 949 Hinc
1145 898 1303 948 etiam
1323 897 1419 954 hac
1440 898 1692 948 utebatur
1726 898 1954 948 auctori-

216 986 344 1042 tate,
374 980 594 1032 dicendo
619 982 864 1033 abbatem
889 982 953 1032 de
994 980 1149 1032 Bello
1176 980 1424 1043 electum,
1452 980 1508 1030 in
1534 980 1752 1031 ecclesia
1778 980 1953 1032 Cices-

218 1063 383 1113 trensi
443 1081 564 1115 cum
621 1065 946 1132 professione
1007 1064 1258 1115 canonica
1298 1056 1743 1115 'benedictionem
1806 1082 1953 1114 suam

216 1145 571 1197 ecclesiastico
608 1165 753 1197 more
798 1147 1051 1214 consequi
1088 1146 1297 1208 debere,
1336 1146 1567 1213 indeque
1592 1145 1746 1196 illum
1772 1146 1873 1197 sibi
1899 1155 1955 1198 et

214 1245 328 1279 suae
353 1229 586 1281 ecclesiae
612 1230 824 1280 omnino
845 1231 1147 1299 subjectum
1165 1229 1295 1280 fore.
1336 1228 1522 1280 Abbas
1541 1247 1664 1279 vero
1690 1248 1718 1279 e
1745 1238 1950 1280 contra-

214 1312 314 1376 ri0,
362 1331 470 1364 non
533 1314 796 1382 superbiae
844 1314 936 1365 sed
993 1313 1268 1382 patientiae
1318 1321 1374 1363 et
1429 1312 1747 1363 humilitatis
1798 1321 1953 1366 utens

215 1396 493 1464 exemplis,
530 1415 671 1449 nunc
706 1399 825 1449 viva
847 1416 991 1460 voce,
1018 1415 1159 1447 nunc
1196 1397 1368 1447 missis
1392 1395 1702 1447 Cicestriam
1726 1397 1948 1460 nuntiis,

213 1478 516 1530 libertatem
554 1489 609 1532 et
643 1482 954 1550 dignitatem
992 1497 1104 1532 suae
1145 1480 1380 1532 ecclesiae
1416 1480 1734 1548 opponebat,
1774 1480 1951 1530 dicens

214 1580 394 1630 regem
436 1564 784 1628 Willelmum,
827 1583 986 1633 quem
1034 1565 1210 1615 divina
1257 1563 1591 1632 providentia
1639 1563 1855 1614 advexit
1898 1564 1954 1614 in

218 1645 471 1714 Angliam
495 1656 558 1699 ut
568 1648 659 1716 jus
683 1648 786 1698 sibi
811 1648 1051 1698 debitum
1077 1646 1396 1714 adquireret,
1424 1647 1480 1696 in
1503 1646 1782 1714 procinctu
1807 1647 1952 1710 belli,

223 1730 407 1781 eodem
449 1731 506 1782 in
546 1731 661 1783 loco
702 1750 823 1783 cum
863 1732 1040 1782 favore
1086 1731 1322 1781 omnium
1360 1748 1538 1780 secum
1588 1730 1956 1781 comitantium

218 1822 401 1866 votum
438 1815 642 1878 fecisse,
680 1815 856 1866 locum
900 1815 1101 1866 scilicet
1138 1814 1290 1865 illum
1334 1813 1567 1864 Domino
1595 1813 1805 1865 Christo
1833 1815 1953 1865 dare

216 1906 326 1949 tam
362 1898 593 1950 liberum
634 1918 793 1968 quam
834 1899 937 1950 sibi
996 1906 1175 1967 posset
1213 1898 1524 1965 adquirere3
1566 1897 1952 1965 clementiaque

216 1982 423 2034 favente
450 1984 625 2034 divina
648 1983 922 2034 victoriam
947 1983 1201 2050 adeptum
1224 1990 1514 2048 votumque
1542 1980 1846 2043 solventem,
1869 2000 1953 2032 ec-

219 2065 429 2117 clesiam
458 2067 657 2118 ibidem
682 2067 739 2117 in
762 2067 1015 2117 honorem
1042 2065 1148 2116 Dei
1175 2073 1229 2115 et
1252 2065 1396 2115 beati
1422 2064 1647 2115 Martini
1673 2072 1952 2115 construx-

215 2150 334 2214 isse,
374 2169 471 2219 pro
514 2150 682 2201 salute
710 2151 946 2201 omnium
986 2158 1041 2200 et
1064 2149 1294 2200 maxime
1322 2148 1558 2199 omnium
1596 2148 1672 2198 ibi
1705 2147 1951 2198 interfec-

215 2242 410 2298 torum,
437 2235 514 2285 ita
545 2222 767 2286 liberam
808 2242 862 2285 et
887 2234 1121 2302 quietam
1148 2234 1212 2284 ab
1241 2233 1384 2284 omni
1420 2232 1697 2283 exactione
1726 2240 1950 2283 terrenae

215 2318 483 2374 servitutis
519 2325 574 2368 et
597 2318 662 2370 ab
698 2318 842 2369 omni
869 2317 1197 2388 subjectione
1224 2325 1278 2367 et
1305 2316 1641 2384 oppressione
1668 2323 1828 2383 atque
1859 2316 1950 2366 do-

213 2402 500 2457 minatione
527 2401 893 2470 episcoporum
913 2401 1051 2451 sicut
1070 2408 1150 2451 est
1169 2399 1386 2450 ecclesia
1408 2399 1605 2450 Christi
1627 2398 1946 2452 Cantuariae.

216 2485 336 2536 Hoc
372 2486 532 2536 etiam
566 2486 786 2537 consilio
823 2495 877 2536 et
912 2484 1218 2537 testimonio
1244 2483 1530 2534 Lanfranci
1569 2483 1949 2552 archiepiscopi

184 2607 187 2609 >
217 2568 517 2620 Cantuariae
581 2577 636 2620 et
704 2568 947 2636 Stigandi
997 2567 1267 2618 Cicestriae
1326 2566 1560 2635 episcopi
1616 2566 1948 2635 aliorumque

213 2651 502 2702 multorum
549 2652 757 2721 scriptis
807 2652 915 2702 suis
968 2651 1317 2713 confirmasse,
1383 2650 1697 2718 Stigandum
1745 2669 1950 2701 necnon

217 2734 487 2785 Cicestriae
529 2735 855 2804 episcopum,
900 2743 1160 2804 praesente
1189 2735 1492 2786 Gausberto
1517 2734 1689 2802 primo
1714 2734 1950 2803 ejusdem

215 2817 317 2869 loci
357 2818 564 2882 abbate,
609 2827 665 2870 et
701 2818 968 2870 monachis
1009 2819 1134 2882 suis,
1170 2819 1225 2869 in
1253 2826 1513 2886 quantum
1539 2817 1621 2868 sui
1653 2817 1791 2886 juris
1818 2825 1947 2880 erat,

1125 2947 1451 2989 entertainment
1486 2954 1530 2989 to
1561 2947 1633 2988 the
1655 2946 1805 3003 bishop
1827 2947 1949 2989 when

1123 3005 1176 3046 he
1199 3019 1317 3046 came
1331 3012 1375 3045 to
1397 3004 1495 3045 visit
1514 3019 1526 3055 ;
1547 3003 1787 3045 forasmuch
1809 3018 1854 3045 as
1876 3004 1948 3045 the

277 2949 288 2973 ¹
322 2949 362 2990 A
384 2947 500 2991 short
521 2963 695 3005 passage
715 2948 823 2990 from
846 2948 1041 3005 Dugdale

218 3004 304 3047 will
335 3005 450 3047 shew
483 3006 555 3048 the
581 3005 765 3062 grounds
802 3007 850 3048 of
873 3006 945 3048 the
977 3006 1041 3047 bi-

218 3061 358 3118 shop’s
372 3062 495 3105 claim
514 3078 523 3106 :
548 3065 573 3087 “
584 3063 675 3105 The
692 3063 866 3119 original
878 3063 1041 3119 ground

218 3119 265 3161 of
289 3119 373 3161 this
422 3126 623 3176 payment
668 3121 716 3161 of
753 3121 1041 3176 procurations

221 3176 379 3231 (which
399 3177 444 3219 in
464 3177 537 3219 the
559 3177 726 3219 ancient
761 3177 872 3232 legal
891 3177 1040 3228 books,

218 3232 272 3274 he
287 3233 382 3275 tells
399 3249 461 3288 us,
493 3249 577 3276 was
599 3234 837 3290 equivalent
867 3241 910 3275 to
933 3234 1040 3290 diet)

221 3304 337 3332 arose
357 3291 415 3347 by
430 3306 579 3333 reason
595 3291 642 3333 of
658 3291 730 3332 the
753 3291 927 3346 damage
948 3290 1040 3331 that

215 3346 288 3388 the
302 3347 452 3404 bishop
473 3348 556 3390 and
576 3348 643 3389 his
665 3362 907 3390 successors
929 3361 1040 3388 were

219 3403 305 3445 like
340 3412 384 3446 to
420 3406 582 3447 sustain
617 3406 722 3447 after
757 3405 861 3446 such
894 3418 1041 3460 appro-

221 3460 400 3517 priation
421 3463 544 3504 made
567 3462 636 3518 (of
661 3462 805 3518 parish
835 3460 1040 3503 churches

219 3525 262 3558 to
311 3518 455 3561 abbies
489 3519 573 3561 and
609 3519 806 3574 religious
848 3518 1039 3573 houses).

218 3574 407 3618 Because
452 3576 523 3618 the
553 3591 702 3633 parson
744 3576 820 3618 has
867 3583 910 3616 to
945 3574 1040 3630 give
1079 3618 1081 3628 Ε

1123 3062 1274 3117 bishop
1334 3061 1469 3116 might
1530 3061 1627 3102 visit
1676 3061 1947 3114 ecclesiastim,

1124 3118 1214 3160 that
1245 3119 1296 3172 is,
1328 3132 1453 3173 every
1473 3117 1697 3173 particular
1725 3117 1893 3170 church,
1918 3117 1956 3159 if

1123 3175 1176 3217 he
1193 3175 1362 3231 pleased
1384 3190 1394 3225 3
1424 3189 1470 3215 so
1487 3174 1576 3215 that
1596 3174 1714 3215 there
1735 3189 1819 3215 was
1840 3174 1950 3230 good

1124 3246 1249 3274 cause
1263 3232 1354 3273 that
1375 3231 1428 3272 he
1450 3230 1614 3284 should,
1645 3246 1758 3287 upon
1779 3231 1850 3272 the
1878 3246 1950 3288 ap-

1123 3289 1391 3345 propriatim,
1434 3303 1508 3344 pro
1551 3287 1827 3329 indemnitate
1873 3303 1950 3330 sua

1124 3353 1165 3387 et
1213 3359 1502 3387 successorum
1553 3359 1736 3398 suorum,
1786 3359 1950 3387 reserve

1124 3402 1361 3457 something
1405 3410 1448 3444 to
1492 3402 1545 3444 be
1574 3401 1686 3458 paid,
1725 3402 1768 3443 in
1803 3402 1950 3458 regard

1123 3459 1226 3516 they
1279 3467 1395 3501 must
1438 3459 1586 3501 travail
1636 3466 1680 3501 at
1713 3458 1823 3501 their
1858 3474 1951 3502 own

1125 3516 1635 3572 charge.’'—Warwick.,
1657 3531 1699 3573 p.
1723 3517 1765 3560 7.
