2398 4152
673 414 1039 456 MONASTERII
1078 415 1157 454 DE
1194 415 1398 455 BELLO.
1832 405 1898 453 45

162 532 338 600 largiri
365 551 470 601 quo
496 545 902 604 compararetur,
928 547 1113 606 petens
1135 537 1382 589 instabat.
1436 536 1537 588 Cui
1563 556 1681 588 cum
1708 556 1738 588 a
1762 556 1883 605 rege

162 616 414 668 terminus
499 637 774 687 quousque
843 621 1092 689 Angliam
1162 622 1438 689 repedaret
1507 620 1884 689 imponeretur,

162 715 443 767 regemque
486 703 819 769 postmodum
846 703 1096 772 Angliam
1138 722 1404 755 reversum
1442 722 1537 772 per
1573 704 1885 754 monachum

162 798 315 832 suum
355 784 616 850 quendam
641 786 763 836 inde
802 786 1035 837 crebrius
1059 786 1382 854 requisisset,
1408 787 1620 837 tandem
1645 787 1700 837 in
1725 805 1887 854 expe-

164 863 363 916 ditione
391 866 603 918 Walliae
630 870 745 937 ejus
768 878 1026 937 pertaesus
1059 869 1481 938 importunitate,
1520 887 1619 921 rex
1661 870 1898 920 eundem>

161 948 490 1013 monachum,
509 952 837 1018 quorundam
861 951 1119 1019 impulsus
1145 951 1380 1013 consilio,
1399 970 1519 1002 cum
1542 952 1734 1002 litteris
1750 971 1886 1020 prae-

160 1032 407 1097 ceptoriis
447 1033 590 1100 regia
630 1034 777 1084 bulla
810 1034 1043 1102 signatis,
1069 1035 1136 1085 ad
1179 1035 1424 1085 abbatem
1469 1034 1703 1085 ecclesiae
1743 1036 1886 1085 beati

164 1112 385 1164 Martini
405 1115 469 1166 de
488 1115 655 1178 Bello,
682 1117 822 1167 unde
838 1135 977 1168 nunc
998 1126 1176 1168 nostra
1194 1117 1416 1168 desudat
1440 1117 1700 1180 Minerva,
1726 1118 1886 1168 desti-

162 1196 323 1260 navit,
365 1206 525 1265 atque
567 1199 633 1250 ab
659 1218 722 1250 eo
748 1200 929 1251 decem
967 1201 1170 1267 argenti
1205 1200 1364 1251 libras
1390 1199 1633 1268 Anglicae
1659 1209 1887 1251 monetae

165 1278 362 1346 absque
405 1281 739 1332 cunctatione
765 1283 832 1333 ad
863 1282 962 1333 1100
989 1301 1120 1350 opus
1156 1283 1303 1351 exigi
1327 1283 1609 1334 mandavit.
1685 1283 1891 1334 Audito

163 1361 330 1429 igitur
370 1362 469 1414 hoc
509 1365 668 1415 abbas
695 1363 961 1416 Henricus
985 1366 1250 1428 mandato,
1277 1366 1531 1434 legationi
1556 1384 1893 1434 nequaquam

165 1446 524 1513 adquiescenS,
567 1448 699 1500 clam
725 1449 859 1500 duos
885 1449 1125 1511 fratrum,
1154 1450 1247 1517 qui
1271 1450 1383 1517 regi
1409 1458 1464 1500 et
1503 1468 1758 1500 summam
1791 1448 1894 1500 loci

165 1529 457 1597 penuriam,
485 1539 540 1582 et
563 1550 782 1599 pravum
808 1532 1124 1583 abolendum
1140 1551 1311 1595 usum,
1329 1551 1395 1583 ne
1423 1532 1480 1583 in
1498 1541 1771 1601 posterum
1795 1533 1894 1583 hac

163 1612 228 1662 de
294 1631 450 1664 causa
509 1614 836 1677 inolesceret,
887 1615 1118 1666 studiose
1178 1625 1538 1683 suggererent,
1589 1615 1891 1668 transmisit.

166 1695 381 1748 Quibus
405 1715 503 1748 rex
540 1698 841 1750 nullatenus
866 1699 1057 1761 flexus,
1085 1699 1297 1749 demum
1323 1698 1727 1760 interminando,
1755 1698 1894 1749 inte-

164 1796 310 1845 gram
333 1780 605 1847 praedictae
630 1782 938 1849 pensionem
962 1782 1204 1851 pecuniae
1249 1782 1506 1833 monacho
1543 1782 1892 1833 transmarino

165 1862 391 1929 persolvi
439 1863 712 1932 praecepit.
790 1864 954 1915 Porro
1002 1864 1258 1916 monacho
1302 1865 1505 1933 jugiter
1553 1865 1748 1916 infesto
1796 1884 1893 1932 pro

167 1946 422 2013 praedicta
464 1947 695 1997 instante
739 1948 979 2014 pecunia,
1010 1966 1117 1998 non
1150 1948 1263 1998 sine
1288 1948 1433 2016 gravi
1459 1948 1620 1998 abbas
1644 1966 1892 2010 moerore,

166 2028 344 2097 inopia
366 2038 594 2093 coactUS,
622 2030 686 2080 de
712 2030 1050 2081 sacrosanctis
1075 2039 1372 2082 sanctarum
1407 2031 1752 2098 reliquiarum
1775 2031 1894 2099 phi-

167 2111 412 2175 lacteriis,
439 2113 578 2163 unde
618 2131 777 2180 supra
813 2113 1166 2175 meminimus,
1193 2121 1401 2164 tantum
1440 2114 1644 2180 argenti
1680 2114 1896 2181 collegit

166 2196 305 2248 unde
341 2196 707 2248 molestissimo
740 2197 976 2248 exactori
1001 2197 1273 2249 satisfecit.
1350 2198 1475 2251 Quo
1501 2198 1710 2265 adept0,
1737 2198 1894 2248 laetus

166 2279 427 2345 quaesivit,
448 2279 665 2342 invenit,
688 2289 742 2331 et
766 2299 1048 2347 congruam
1072 2281 1139 2331 ad
1154 2280 1252 2331 hoc
1274 2299 1405 2348 opus
1430 2299 1719 2349 purpuram
1745 2282 1892 2344 emit,

166 2362 507 2430 ecclesiaeque
564 2380 674 2414 suae
735 2365 1025 2430 gaudenter
1075 2383 1182 2414 11011
1239 2364 1380 2414 unde
1439 2365 1530 2415 sed
1557 2364 1685 2431 quid
1709 2364 1895 2431 adqui-

164 2445 317 2496 sisset
365 2454 675 2513 computans
718 2446 952 2498 advexit.
1049 2447 1270 2497 Planeta
1317 2447 1498 2514 itaque
1540 2448 1651 2516 jam
1700 2447 1893 2498 exinde

165 2529 318 2591 facta,
346 2530 599 2597 nulloque
619 2529 946 2598 judiciorum
971 2530 1076 2580 Dei
1101 2537 1249 2580 metu
1274 2530 1558 2597 superstite
1587 2531 1712 2580 dum
1740 2531 1892 2597 quasi

166 2612 300 2662 bene
343 2620 490 2679 gesta
513 2612 760 2663 videntur
785 2612 975 2675 omnia,
1002 2623 1219 2681 repente
1257 2614 1483 2680 quadam
1508 2613 1592 2664 die
1618 2613 1747 2663 hora
1782 2614 1893 2680 jam

166 2695 339 2757 tertia,
366 2695 640 2746 intonante
667 2695 730 2746 de
757 2695 898 2746 caelis
926 2694 1174 2758 Domino,
1203 2696 1337 2746 aeris
1363 2695 1721 2764 tranquillitas
1747 2704 1894 2746 tene·
1926 2699 1930 2701 “

165 2779 376 2829 brarum
393 2778 603 2845 caligini
624 2787 679 2829 et
698 2779 847 2847 quasi
866 2779 1050 2830 mortis
1071 2781 1287 2830 subacta
1305 2780 1526 2841 umbrae,
1545 2779 1601 2829 in
1616 2780 1892 2831 horridum

166 2861 575 2913 choruscationis
620 2871 674 2913 et
699 2863 922 2913 tonitrui
949 2863 1218 2913 turbinem
1242 2882 1389 2914 versa
1413 2863 1724 2914 concitatur.
1802 2862 1891 2913 In-

168 2945 321 2996 terim
366 2964 488 2996 vero
531 2946 660 2997 hora
702 2946 807 2996 diei
846 2946 1000 2997 tertia
1033 2947 1292 3010 inchoata,
1322 2947 1447 2997 dum
1471 2947 1658 2997 fratres
1682 2965 1891 2998 versum

168 3032 202 3081 ‘.‘
222 3029 443 3096 Sagittae
463 3029 695 3097 potentis
714 3038 884 3080 acutae
907 3029 934 3048 ''
960 3030 1278 3081 modulando
1294 3029 1592 3091 recitarent,
1611 3030 1787 3079 subito
1806 3029 1891 3079 die

167 3113 333 3163 noctis
350 3113 590 3163 imitante
615 3113 900 3174 horrorem,
924 3132 1044 3163 cum
1070 3113 1186 3163 caeli
1208 3131 1421 3180 quoque
1447 3113 1742 3180 fragoribus
1768 3131 1890 3162 con-

167 3213 314 3246 cussa
332 3204 470 3247 terra
495 3204 720 3246 tremens
747 3196 897 3246 evehi
918 3196 1014 3246 sub
1034 3196 1227 3263 plantis
1246 3196 1531 3258 videretur,
1548 3196 1774 3263 fulguris
1795 3197 1888 3263 qui

166 3278 449 3330 timebatur
487 3279 618 3330 caelo
644 3278 839 3329 decidit
877 3279 1030 3341 ictus,
1058 3278 1414 3345 fratribusque
1442 3279 1685 3329 omnibus
1723 3278 1887 3328 inter-

165 3361 333 3412 missis
367 3380 488 3429 quae
530 3370 800 3430 coeperant
842 3362 907 3412 ad
947 3362 1237 3412 orationem
1263 3362 1555 3430 prostratis,
1596 3380 1723 3412 mox
1749 3363 1886 3430 ejus-

168 3445 286 3495 dem
304 3445 405 3495 loci
431 3445 669 3496 monachi
697 3445 801 3495 duo
820 3444 968 3495 vitali
993 3444 1123 3494 flatu
1148 3444 1438 3512 privantur.
1479 3445 1621 3496 Hinc
1647 3446 1887 3497 attonitis

168 3533 410 3584 omnibus
429 3552 548 3584 cum
565 3552 717 3584 causa
743 3542 851 3584 tam
875 3533 1003 3585 dirae
1030 3533 1492 3586 animadversionis
1511 3535 1885 3603 negligeretur,
