2398 4152
671 488 1034 532 MONAsTERu
1072 493 1150 533 DE
1187 493 1390 536 BELLo.
1821 487 1888 539 99

165 606 624 676 archiepiscopus:
671 614 705 638 “
732 611 938 665 Verum
977 623 1072 677 est,
1113 615 1265 667 illum
1290 635 1375 667 me
1401 617 1741 685 praecipiente
1775 618 1889 672 haec

165 691 378 758 effectui
419 692 793 760 mancipasse.”
869 700 903 723 “
932 697 1095 750 Quod
1119 699 1443 766 parrochiam
1468 700 1742 763 vestram‚’'
1769 720 1889 752 can-

164 774 405 825 cellarius
447 774 642 843 inquit,
685 779 720 804 “
746 786 809 828 ut
858 782 1255 832 consuetudinis
1309 782 1535 834 habetur
1578 784 1890 836 circumiens

165 857 378 909 Bellum
419 858 645 927 petistis,
694 868 855 928 atque
898 881 929 912 a
967 863 1219 914 fratribus
1244 864 1345 915 loci
1372 865 1517 916 illius
1542 868 1730 917 abbate
1756 886 1891 936 prae-

164 950 312 992 sente
350 941 807 1010 processionaliter
845 955 1122 1014 susceptus
1167 947 1439 1010 extitistiS,
1484 948 1714 1017 indeque
1752 950 1892 1018 capi-

164 1024 339 1075 tulum
377 1043 559 1076 eorum
593 1025 795 1078 intrans
819 1029 1037 1079 verbum
1057 1029 1162 1079 Dei
1186 1029 1291 1080 illis
1318 1031 1623 1093 seminastis,
1652 1034 1894 1083 omnibus

165 1107 306 1159 ultra
355 1109 593 1177 citraque
642 1128 784 1160 mare
840 1111 1196 1163 existentibus
1251 1113 1500 1175 ecclesiis,
1560 1115 1896 1165 consuetudi-

166 1191 375 1242 narium
425 1210 538 1243 esse
591 1193 902 1256 dinoscitur,
944 1195 1190 1262 episcopo
1218 1195 1560 1246 Hiberniensi
1607 1197 1691 1247 vel.
1738 1198 1896 1248 etiam

167 1273 493 1344 Hispalensi,
533 1276 619 1328 vel
658 1277 882 1329 cuilibet
920 1277 1029 1340 alii,
1074 1278 1216 1329 hunc
1263 1279 1535 1347 dignitatis
1574 1289 1629 1331 et
1667 1282 1896 1332 caritatis

163 1358 434 1421 honorem,
501 1360 701 1428 absque
764 1361 875 1412 ulla
922 1362 1319 1414 consuetudinis
1387 1363 1684 1427 exactione,
1734 1364 1895 1431 gratis

163 1443 450 1512 inpendere
475 1442 686 1495 licitum
707 1444 839 1497 fore.

237 1531 271 1556 “
292 1526 377 1578 De
402 1527 711 1596 episcopatu
733 1547 857 1580 vero
897 1528 1197 1580 Lundoniae
1233 1529 1333 1581 hoc
1357 1538 1545 1581 vestrae
1570 1531 1729 1582 abbas
1770 1531 1896 1582 inti-

163 1628 306 1662 mare
329 1619 579 1680 procurat
601 1611 919 1680 prudentiae,
949 1613 1093 1681 quod
1116 1631 1212 1664 nec
1237 1614 1407 1675 vultU,
1434 1632 1609 1682 neque
1637 1623 1776 1677 actU,
1799 1633 1894 1665 nec

167 1694 327 1746 etiam
356 1702 495 1746 nutu
518 1694 697 1763 aliquo
721 1695 870 1747 vobis
898 1696 1184 1765 quicquam
1207 1715 1303 1765 pro
1329 1697 1422 1747 illo
1448 1698 1738 1764 eodemque
1784 1697 1895 1765 epi-

165 1788 383 1847 scopatu
406 1778 724 1841 Lundoniae,
755 1778 956 1830 scilicet
980 1779 1375 1847 significationis
1400 1780 1690 1842 contrariae,
1725 1781 1897 1848 inges-

166 1861 253 1913 sit.
330 1861 549 1931 Quippe
575 1881 696 1914 cum
735 1862 791 1915 in
832 1863 975 1914 illius
1011 1862 1354 1931 dispositione
1381 1863 1580 1931 negotii
1614 1863 1691 1913 nil
1716 1872 1898 1914 contra

166 1963 220 1995 se
246 1963 278 1995 a
300 1945 454 1996 vobis
479 1945 605 1997 mali
630 1945 926 2015 suspicatus
952 1946 1132 1998 fuerit.
1211 1946 1319 1997 Sed
1342 1955 1406 1998 ut
1432 1947 1660 2014 quodam
1684 1947 1742 1998 in
1780 1947 1896 1998 loco

167 2027 368 2080 dictum
409 2036 506 2092 est,
553 2029 791 2081 conscius
825 2030 938 2099 ipse
979 2030 1080 2081 sibi
1106 2030 1282 2081 omnia
1309 2038 1466 2099 putat
1491 2031 1751 2081 contraria
1776 2031 1895 2094 sibi,

165 2130 263 2181 pro
287 2131 343 2163 re
371 2112 587 2181 quidem
610 2132 642 2164 a
663 2114 814 2165 vobis
837 2122 985 2182 gesta
1023 2115 1354 2165 remordente
1377 2114 1606 2165 fortuitu
1630 2114 1898 2166 conscien-

166 2196 258 2259 tia,
301 2196 455 2248 illum
487 2197 714 2266 simplici
753 2198 910 2250 vultu
948 2197 1276 2266 gradientem
1316 2215 1590 2265 nunquam
1627 2207 1771 2249 recto
1806 2215 1897 2249 vos

166 2279 367 2331 lumine
395 2281 685 2349 sperabatis
709 2282 908 2333 intueri
933 2281 1187 2350 potuisse.

238 2367 274 2392 “
293 2363 454 2418 Quod
471 2364 626 2416 illum
642 2365 902 2434 synodum
927 2366 1069 2433 apud
1085 2363 1392 2416 Cicestriam
1409 2372 1589 2432 petere
1612 2363 1896 2414 summoni-

169 2455 284 2498 tmn
322 2466 419 2499 nec
444 2448 746 2499 venientem
783 2449 1123 2499 interdictum
1150 2467 1180 2498 a
1203 2447 1351 2498 vobis
1376 2447 1696 2509 insinuastis,
1738 2455 1793 2496 et
1826 2447 1894 2497 ob

166 2529 299 2582 hanc
324 2549 534 2582 causam
571 2550 750 2599 regem
792 2531 1122 2599 Stephanum
1159 2549 1254 2599 per
1278 2530 1603 2581 Rotbertum
1636 2530 1699 2580 de
1727 2530 1895 2581 Corn-

168 2615 337 2666 uuilla
362 2615 611 2666 clericum
650 2634 806 2666 suum
830 2615 979 2666 vobis
1004 2634 1178 2667 coram
1216 2614 1309 2664 illo
1343 2614 1458 2665 haec
1497 2614 1895 2665 determinanda

169 2698 310 2749 diem
349 2698 662 2767 praefixisse,
702 2717 901 2766 vosque
943 2698 1142 2749 ibidem
1190 2697 1339 2748 nullo
1385 2716 1454 2748 ex
1500 2706 1648 2765 parte
1691 2698 1895 2748 abbatis

167 2782 316 2833 vobis
357 2782 513 2834 obvio
554 2782 874 2845 convenisse,
929 2782 1110 2850 sicque
1157 2781 1280 2831 inde
1324 2781 1612 2843 recessisse,
1656 2782 1815 2832 abbas
1866 2801 1893 2831 e

170 2863 431 2914 contrario
472 2863 654 2926 refert,
682 2883 736 2915 se
761 2864 963 2915 scilicet
988 2882 1160 2914 coram
1199 2881 1322 2931 rege
1351 2863 1622 2931 Stephano
1662 2864 1747 2914 die
1793 2872 1911 2914 sta-.

170 2954 288 2998 tuta
310 2948 664 3016 praesentibus
690 2948 949 3016 episcopis
969 2947 1331 2998 Wintoniensi
1356 2947 1556 2998 scilicet
1581 2955 1635 2997 et
1654 2947 1895 2998 Heliensi

169 3049 374 3082 necnon
422 3039 478 3083 et
525 3033 714 3083 abbate
769 3030 1244 3092 Westmonasterii,
1300 3039 1354 3081 et
1398 3031 1558 3082 etiam
1612 3030 1896 3081 baronibus

170 3114 438 3166 nonnullis
462 3115 520 3166 in
545 3115 745 3184 capella
764 3115 1001 3184 ejusdem
1026 3114 1163 3181 regis
1191 3115 1352 3182 juxta
1376 3121 1575 3164 turrem
1600 3112 1895 3163 Lundoniae

171 3197 272 3248 sita
326 3199 649 3260 convenisse,
706 3206 865 3266 atque
924 3198 1000 3248 ibi
1044 3216 1074 3248 a
1116 3196 1401 3247 venerabili
1450 3196 1744 3246 Wintoniae
1786 3196 1897 3263 epi-

170 3298 327 3349 scopo
342 3281 499 3332 cartis
516 3290 572 3334 et
595 3281 802 3350 scriptis
828 3300 938 3332 suae
966 3279 1201 3331 ecclesiae
1221 3279 1483 3347 perlectis,
1510 3298 1631 3346 rege
1657 3279 1758 3329 sibi
1778 3297 1898 3346 sug-

170 3373 404 3432 gerente,
445 3384 499 3416 se
523 3364 739 3433 capellae
766 3383 895 3427 suae,
937 3364 1165 3414 abbatiae
1193 3363 1392 3413 scilicet
1416 3362 1480 3412 de
1502 3361 1672 3423 Bello,
1696 3361 1897 3429 ubique

170 3457 523 3517 protectorem
569 3449 703 3511 fore,
752 3466 949 3515 vosque
1013 3465 1171 3514 super
1216 3446 1316 3496 hoc
1380 3445 1675 3507 convenire,
1738 3453 1899 3512 atque

174 3533 349 3584 omnia
389 3533 531 3584 inter
574 3551 667 3585 vos
709 3532 1004 3600 pacificare,
1050 3530 1116 3582 ad
1149 3529 1362 3598 propria
1401 3528 1516 3598 ipso
1560 3528 1902 3596 praecipiente

173 3634 411 3669 reversus
436 3625 532 3669 est.

1656 3707 1685 3734 u
1709 3695 1734 3733 2
