2398 4152
690 411 1056 454 MoNAs'rERn
1100 412 1180 451 DE
1223 411 1430 453 BELLo.
1848 401 1914 451 39

191 550 301 583 suae
346 532 643 596 Mathildis,
686 534 743 584 in
786 553 891 602 qua
928 542 982 584 et
1027 534 1142 603 ipsa
1183 533 1402 584 mirifice
1442 532 1650 601 sepulta
1671 532 1914 600 quiescit.

194 614 259 664 In
282 613 480 681 Anglia
517 634 639 666 vero
678 616 906 680 tertiam,
953 617 1017 667 de
1049 635 1155 685 qua
1180 635 1321 667 nunc
1361 635 1529 666 sermo
1565 616 1833 678 actitatur,
1862 616 1918 666 in

188 695 304 747 loco
343 697 444 748 sibi
484 716 515 749 a
553 698 690 762 Deo,
718 708 779 750 ut
826 718 984 767 supra
1007 700 1235 750 relatum
1271 707 1368 761 est,
1395 699 1631 750 victoriae
1658 716 1915 750 concessae

190 779 448 843 fundavit,
491 781 548 832 in
586 800 693 849 qua
734 790 790 833 et
814 801 868 832 se
893 781 1101 832 humari
1136 781 1180 832 si
1206 781 1261 831 in
1287 780 1487 849 Anglia
1511 781 1709 833 obisset
1733 783 1918 849 procul

189 858 352 910 dubio
378 860 625 912 decrevit.
702 861 792 913 Ad
825 879 984 929 quam
1007 860 1346 912 dedicandam
1387 861 1530 928 quia,
1572 861 1707 929 proh
1734 862 1913 913 dolor!

188 960 296 992 non
333 943 616 1011 superfuit,
667 944 836 995 multo
885 942 1103 994 minoris
1152 942 1312 1011 pretii
1362 962 1521 1011 quam
1570 953 1919 1011 proposuerat

188 1042 303 1075 eam
341 1025 582 1093 reliquit.
658 1025 800 1076 Nam
840 1025 987 1077 illam
1028 1026 1154 1075 dum
1180 1025 1492 1087 inchoasset,
1539 1044 1609 1075 ex
1634 1027 1918 1094 praecipuis

190 1105 405 1174 Angliae
432 1107 664 1159 ecclesiis
689 1127 803 1159 eam
830 1108 1195 1176 magnitudine
1220 1126 1279 1158 ac
1305 1107 1503 1158 divitiis
1529 1108 1700 1158 facere
1726 1127 1919 1176 propo-

189 1197 380 1241 suerat.
457 1190 620 1244 Quod
645 1191 850 1241 efficere
875 1190 1204 1259 praepeditur
1228 1198 1291 1240 ut
1315 1190 1598 1258 praefatum
1625 1200 1705 1241 est
1729 1200 1916 1243 morte.

191 1270 347 1322 Unde
374 1273 600 1341 sapienti
626 1273 848 1324 cuilibet
871 1274 1237 1342 persuadetur,
1264 1274 1466 1325 bonum
1491 1274 1535 1324 si
1563 1275 1704 1341 quod
1728 1292 1919 1343 propo-

188 1354 296 1405 suit
319 1355 375 1406 id
399 1356 556 1407 hodie
583 1356 784 1408 scilicet
808 1357 935 1408 dum
960 1357 1103 1419 licet,
1131 1376 1193 1408 eo
1220 1358 1364 1424 quod
1387 1357 1593 1425 ignoret
1615 1365 1795 1410 utrum
1817 1358 1918 1409 sibi

188 1438 444 1490 crastinus
482 1441 797 1508 suffragetur
837 1441 948 1491 dies
974 1459 1242 1509 peragere.
1322 1440 1646 1491 Prudentius
1673 1452 1752 1492 est
1777 1442 1919 1492 enim

188 1519 506 1573 hodiernum
529 1523 683 1574 bonis
708 1542 1012 1575 concessum
1032 1542 1288 1591 occupare
1315 1523 1455 1575 diem
1472 1543 1630 1591 quam
1647 1543 1737 1591 spe
1758 1525 1920 1575 dubia

187 1607 386 1658 bonum
424 1606 763 1657 recrastinare
788 1607 1138 1676 propositum.
1217 1606 1497 1674 Siquidem
1523 1614 1578 1657 et
1603 1608 1667 1657 de
1692 1607 1918 1675 peractis

130 1691 143 1701 ”
186 1689 340 1740 bonis
365 1689 599 1741 securius
619 1690 928 1758 gaudemus,
970 1708 1128 1758 quam
1169 1690 1233 1739 de
1259 1690 1561 1758 propositis,
1590 1707 1712 1757 quae
1737 1698 1917 1740 utrum

188 1772 393 1823 efficere
418 1772 677 1841 possimus
696 1773 1014 1841 ignoramus.
1092 1772 1382 1823 Nonnullis
1408 1773 1607 1823 etenim
1630 1773 1686 1823 id
1710 1773 1917 1834 accidit,

188 1855 331 1922 quod
354 1856 494 1906 bona
519 1856 729 1923 quando
754 1865 993 1924 possunt,
1036 1856 1162 1906 dum
1202 1873 1355 1922 agere
1381 1855 1651 1917 differunt,
1689 1856 1838 1922 justo
1863 1855 1919 1905 in

188 1956 276 1988 eos
316 1937 422 1988 Dei
458 1938 663 2007 judicio
705 1940 906 2006 peccati
938 1957 1098 2006 poena
1134 1938 1470 2005 praevalente,
1499 1956 1605 2005 qua
1630 1937 1749 2005 quis
1775 1939 1919 2005 quod

187 2039 293 2071 non
326 2021 546 2089 expedit
582 2039 735 2088 agere
778 2022 1124 2090 permittitur,
1165 2039 1262 2071 nec
1301 2021 1544 2072 voluntas
1582 2022 1919 2088 postmodum

189 2104 495 2173 suppeditet
517 2123 615 2156 nec
639 2104 879 2156 facultas.
929 2105 1314 2156 Verumtamen
1339 2122 1461 2155 cum
1482 2105 1623 2155 bona
1646 2104 1919 2155 voluntate

188 2188 265 2238 nil
302 2188 558 2256 probetur
600 2187 780 2250 ditius,
821 2188 1062 2256 praeclari
1107 2187 1245 2255 regis
1271 2205 1603 2255 summopere
1630 2186 1921 2238 attollenda

189 2279 314 2322 sunt
377 2271 756 2322 munificentiae
820 2271 1011 2334 studia,
1082 2270 1276 2339 quibus
1328 2278 1477 2321 tanta
1525 2270 1759 2321 ecclesiae
1809 2288 1918 2320 suae

189 2353 405 2405 initians
447 2373 607 2406 manu
646 2355 900 2423 praestitit
924 2355 1181 2422 largiflua,
1209 2361 1271 2404 ut
1294 2372 1389 2422 per
1414 2353 1748 2404 succedentia
1771 2353 1920 2403 inha-

188 2437 482 2489 bitantibus
506 2445 745 2506 tempora
768 2438 812 2489 si
836 2457 1085 2506 prospere
1111 2438 1475 2505 disponantur,
1493 2437 1788 2504 probentur
1806 2437 1918 2487 fore

191 2521 522 2573 sufficientia.
605 2521 862 2573 Ecclesiae
906 2532 1084 2573 autem
1137 2538 1264 2584 suae,
1317 2520 1612 2588 quamlibet
1657 2521 1919 2588 perpetim

189 2607 306 2673 ejus
344 2604 414 2654 sit
452 2603 750 2672 plangenda
772 2624 912 2656 mors
948 2605 1232 2672 insperata,
1269 2604 1355 2655 cui
1379 2622 1486 2654 non
1523 2603 1694 2654 solum
1732 2604 1920 2654 damna

191 2689 454 2750 damnosa,
471 2705 654 2738 verum
671 2695 743 2751 et,
762 2689 907 2756 quod
922 2688 1022 2738 fari
1048 2688 1159 2739 sine
1185 2705 1413 2740 moerore
1440 2686 1519 2738 fas
1543 2705 1650 2738 non
1677 2694 1773 2749 est,
1792 2685 1916 2737 hinc

189 2771 423 2823 accidere
467 2770 896 2833 irrestaurabilia,
941 2770 1047 2821 Dei
1098 2779 1275 2822 tamen
1325 2769 1433 2820 suis
1482 2769 1695 2820 famulis
1742 2769 1916 2837 provi-

189 2854 334 2906 sione
377 2852 730 2921 prospiciente
767 2853 1026 2921 largiflua,
1074 2855 1190 2922 ejus
1231 2870 1508 2903 munerum
1554 2852 1831 2919 largitione
1857 2871 1915 2902 ac

188 2936 502 2989 auctoritate
543 2944 607 2987 ut
648 2936 1168 2988 commemoravimus
1219 2936 1374 2998 fulta,
1423 2935 1564 2986 inter
1601 2935 1917 2986 multimoda

189 3020 348 3089 hujus
373 3019 571 3083 saeculi,
589 3038 838 3089 prospere
863 3020 1096 3083 interim,
1115 3019 1432 3080 discrimina,
1458 3018 1714 3069 hactenus
1739 3018 1916 3068 divina

188 3104 357 3171 gratia
380 3121 499 3154 cum
540 3102 796 3154 heredum
838 3103 983 3153 illius
1034 3111 1216 3153 tuetur
1263 3120 1322 3153 ac
1362 3101 1671 3169 provehitur
1695 3100 1912 3151 benivo-

189 3187 368 3240 lentia.
448 3186 716 3238 Caeterum
740 3205 880 3237 nunc
906 3187 1239 3253 accingamur
1264 3186 1331 3236 ad
1355 3183 1748 3252 subsequentia.

261 3270 455 3320 Flebili
492 3270 658 3338 igitur
682 3269 814 3337 regii
849 3270 1090 3320 decessus
1120 3286 1330 3319 rumore
1366 3268 1647 3334 imperium
1672 3267 1910 3335 undique

191 3352 540 3415 concutiente,
579 3352 659 3403 vir
681 3352 967 3421 praeclarus
995 3350 1292 3417 militiaque
1319 3357 1564 3399 strenuus
1588 3350 1725 3416 regis
1749 3349 1911 3412 filius,

193 3435 418 3502 acceptis
442 3454 473 3486 a
495 3444 644 3504 patre
663 3433 940 3495 mandatiS,
962 3440 1024 3483 ut
1048 3431 1258 3499 praefati
1283 3450 1482 3493 sumus,
1506 3430 1718 3498 Angliae
1746 3431 1912 3482 domi-

192 3525 410 3568 naturus
443 3537 605 3586 regno
642 3518 787 3568 ocius
813 3515 1116 3584 supervenit
1141 3515 1462 3565 Willelmus.
1540 3515 1652 3568 Qui
1678 3515 1914 3566 omnium
