2398 4152
729 444 1093 486 MONAs'rERn
1137 444 1215 484 DE
1252 443 1454 484 BELLo.
1844 429 1946 485 167

207 566 478 635 capellano
518 565 739 619 Thomae
780 568 992 620 nomine
1041 568 1144 637 ipsi
1195 568 1434 620 Aluredo
1485 575 1610 619 tunc
1653 566 1946 618 adhaerenti

201 650 566 702 concederent.
642 650 750 703 Sed
784 651 1007 704 fratrum
1046 651 1360 703 universitas
1394 650 1702 720 hujusmodi
1727 650 1943 701 manda-

202 740 317 784 tum
363 751 502 801 aegre
544 735 852 804 suscipiens,
891 735 1075 787 habito
1099 736 1336 787 unanimi
1380 735 1599 786 consilio
1634 733 1942 785 monasterii

201 816 469 868 sacristam
487 817 789 870 Robertum
809 819 874 870 de
894 818 1091 870 Chaam
1109 819 1340 881 nomine,
1363 818 1467 887 ipsi
1487 817 1728 870 Aluredo
1752 824 1942 867 notum

199 908 254 951 et
276 900 608 964 familiarem,
635 902 701 952 ad
725 920 848 952 eum
872 909 1014 953 trans
1038 920 1180 952 mare
1206 901 1422 964 direxit,
1449 919 1570 952 cum
1596 919 1658 951 eo
1685 899 1942 950 omnimo-

203 983 283 1035 dis
307 991 569 1047 acturum,
607 992 671 1035 ut
703 1003 735 1036 a
772 985 1048 1054 petitionis
1085 1001 1197 1036 suae
1222 985 1469 1036 recedens
1494 982 1748 1034 instantia
1773 1001 1935 1050 super

201 1066 427 1136 praefata
450 1067 669 1119 ecclesia
701 1086 791 1118 eos
831 1068 1049 1119 minime
1082 1075 1319 1130 vexaret,
1364 1066 1662 1134 clericoque
1690 1084 1786 1116 suo
1812 1065 1941 1116 alias

198 1150 516 1218 provideret.
607 1149 985 1220 Prosperatum
1032 1158 1114 1203 est
1155 1151 1260 1202 iter
1303 1150 1481 1201 fratris
1530 1148 1938 1211 transfretantis,

199 1233 564 1302 expeditoque
594 1252 692 1303 per
729 1253 853 1286 eum
886 1234 1119 1303 negotio,
1147 1241 1468 1286 memoratus
1494 1231 1765 1284 Aluredus
1790 1251 1821 1283 a
1845 1250 1941 1283 sua

198 1317 455 1386 petitione
483 1317 688 1386 quievit
724 1336 885 1386 quam
920 1317 1252 1370 universitati
1277 1317 1503 1368 fratrum
1529 1334 1801 1368 onerosam
1826 1334 1938 1367 esse

199 1401 459 1469 cognovit.
517 1399 620 1452 His
645 1401 722 1453 ita
747 1402 1143 1470 quiescentibus
1170 1401 1488 1470 quieverunt
1513 1407 1567 1451 et
1593 1399 1791 1462 caeteri,
1817 1418 1938 1468 pos·
1958 1418 2136 1459 Butquits

198 1485 440 1553 seditque
466 1503 538 1538 ex
561 1493 689 1537 tunc
718 1486 936 1555 pacifice
963 1486 1236 1537 ecclesiam
1272 1484 1586 1536 universitas
1611 1484 1934 1548 monasterii,
1957 1459 2208 1548 ξιῖθῗᾶἶζΐῖ

199 1575 313 1620 toto
347 1570 687 1637 postmodum
723 1578 959 1638 tempore
996 1588 1103 1639 quo
1127 1568 1506 1621 monasterium
1531 1568 1722 1619 abbate
1748 1568 1934 1634 caruit,
1957 1557 2196 1639 ssg'ffifflgffiffss‘}

199 1669 369 1720 usque
395 1652 462 1702 ad
490 1651 694 1703 Odonis
718 1653 924 1704 abbatis
949 1653 1252 1714 adventum,
1289 1671 1403 1703 eam
1428 1652 1495 1702 ad
1519 1651 1800 1703 luminaria
1823 1670 1936 1703 mo·
1956 1639 2165 1721 {gfyfnmffl‘

198 1735 416 1787 nasterii
444 1735 731 1803 assignans,
756 1735 989 1787 maxime
1018 1744 1198 1787 autem
1223 1735 1290 1786 ad
1316 1753 1525 1790 cereum
1550 1753 1725 1786 coram
1748 1736 1937 1804 majori

197 1819 351 1871 altari
375 1828 430 1871 et
453 1838 670 1888 corpore
698 1818 915 1883 Christi,
941 1820 1184 1889 reliquiis
1211 1838 1426 1889 quoque
1466 1827 1767 1871 sanctorum
1802 1819 1935 1870 inibi

197 1902 444 1971 repositis
482 1902 687 1972 jugiter
712 1921 970 1955 arsurum.
1008 1944 1010 1946 -
1047 1902 1101 1953 Α
1125 1904 1296 1972 prima
1321 1902 1463 1953 enim
1487 1902 1802 1953 fundatione
1826 1920 1938 1953 mo-

199 1986 417 2037 nasterii
439 2005 610 2055 usque
636 1987 701 2038 ad
735 1995 947 2055 tempus
971 1986 1124 2049 illud,
1150 1986 1416 2054 lampades
1443 1985 1561 2036 oleo
1586 1985 1859 2036 immundo
1885 1991 1940 2035 et

198 2069 392 2123 foetido
416 2070 611 2122 infusae
631 2089 805 2123 coram
826 2070 1026 2123 Christi
1053 2089 1269 2139 corpore
1295 2069 1733 2122 accendebantur.
1811 2067 1939 2120 Sus·
1962 2086 2004 2116 1n
2019 2085 2089 2133 regar
2103 2085 2175 2134 ofia-

196 2161 351 2222 cepto
377 2154 522 2223 apud
537 2154 754 2206 Bellum
774 2155 963 2206 Odone
988 2154 1196 2217 abbate,
1222 2161 1345 2222 post
1367 2172 1563 2221 paucos
1589 2153 1941 2221 susceptionis
1959 2126 2106 2168 leganne
2116 2131 2205 2167 ‘'¹⁵¹‘'

196 2254 308 2287 suae
359 2236 471 2288 dies
521 2238 732 2307 scripsit
794 2238 844 2289 ei
888 2237 1153 2290 Ricardus
1195 2237 1591 2288 Cantuariensis
1640 2235 1938 2304 episcopus,

197 2320 363 2371 totius
425 2319 642 2389 Angliae
691 2321 905 2390 primas,
968 2328 1023 2372 et
1071 2320 1376 2390 apostolicae
1426 2319 1563 2372 sedis
1610 2319 1818 2386 legatus
1883 2337 1938 2370 se

195 2404 513 2455 auctoritate
562 2405 727 2473 legati
760 2405 854 2457 illo
895 2423 1006 2456 esse
1049 2415 1352 2456 venturum.
1431 2402 1614 2454 Sciens
1639 2402 1822 2469 itaque
1847 2402 1940 2453 ab·

192 2488 285 2539 bas
333 2487 646 2539 clericorum
702 2488 1086 2557 archiepiscopi
1135 2487 1502 2556 cupiditatem,
1565 2486 1659 2554 qui
1704 2486 1748 2536 si
1798 2486 1937 2537 forte

195 2589 338 2639 saepe
392 2571 718 2623 nominatam
772 2572 1044 2623 ecclesiam
1079 2570 1461 2641 parrochialem
1521 2577 1794 2621 vacantem
1856 2569 1938 2620 in-

195 2655 453 2717 venirent,
504 2673 621 2707 eam
673 2655 994 2725 importunis
1049 2655 1297 2724 precibus
1350 2653 1733 2722 archiepiscopi
1768 2652 1938 2703 medi-

194 2738 410 2789 antibus
455 2739 519 2790 de
573 2739 819 2791 manibus
862 2738 971 2790 suis
1016 2746 1419 2807 extorquerent,
1470 2736 1703 2788 decrevit
1745 2736 1937 2787 adven-

198 2831 313 2873 tum
373 2822 758 2892 archiepiscopi
823 2822 1134 2892 praevenire,
1199 2839 1270 2873 ex
1333 2839 1591 2872 consensu
1646 2827 1936 2871 conventus

197 2905 325 2956 licet
362 2922 504 2974 aegre
544 2907 872 2969 sustinentis,
919 2906 1125 2959 cuidam
1167 2913 1389 2974 cognato
1420 2923 1533 2967 suo,
1574 2903 1609 2954 J
1612 2903 1806 2955 ohanni
1842 2921 1937 2954 no-

197 2990 357 3054 mine,
385 2990 656 3059 capellano
693 2991 928 3043 ecclesiae
960 2992 1023 3042 de
1047 2989 1434 3051 Heriatesham,
1474 3006 1591 3039 eam
1623 2986 1934 3048 concedens,

196 3074 463 3126 mediante
490 3082 667 3125 tamen
693 3075 1015 3137 conditione,
1055 3083 1119 3125 ut
1144 3073 1347 3125 scilicet
1379 3072 1437 3123 in
1466 3071 1681 3139 propria
1714 3087 1938 3138 persona

198 3157 255 3208 in
279 3176 341 3209 ea
364 3157 666 3210 deserviret.
742 3158 819 3209 Et
855 3177 922 3209 ne
960 3157 1182 3209 moleste
1210 3156 1374 3207 ferret
1394 3162 1682 3206 conventus
1707 3152 1937 3220 assigna·

198 3239 396 3293 tionem
442 3259 591 3292 suam
634 3259 793 3309 super
828 3241 1047 3292 ecclesia
1081 3240 1285 3291 irritam
1314 3238 1449 3301 fieri,
1485 3235 1767 3287 luminaria
1806 3253 1938 3303 quo-

198 3341 302 3391 que
344 3340 466 3392 quae
506 3325 574 3376 ad
612 3324 771 3376 decus
823 3332 879 3376 et
921 3325 1164 3375 decorem
1203 3321 1512 3373 monasterii
1553 3319 1939 3371 constituerant

199 3407 473 3458 crederent
497 3407 688 3459 debere
715 3407 982 3475 extingui,
1010 3406 1265 3458 satisfecit
1290 3405 1365 3455 eis
1399 3404 1560 3455 abbas
1598 3420 1757 3471 super
1780 3402 1939 3453 lumi-

202 3490 418 3542 naribus
454 3509 562 3542 non
600 3491 998 3560 extinguendis,
1038 3490 1353 3559 promittens
1391 3507 1445 3539 se
1495 3487 1626 3538 alias
1675 3486 1802 3538 satis
1849 3486 1942 3536 ha-

197 3573 379 3624 bunde
412 3575 767 3643 provisurum,
797 3594 904 3642 quo
939 3575 1012 3627 sic
1037 3573 1492 3635 continuarentur,
1529 3590 1594 3623 ne
1622 3589 1779 3639 super
1814 3569 1943 3639 ipsis

201 3656 490 3725 quicquam
518 3659 937 3710 subtraheretur.
