<?xml version="1.0" encoding="UTF-8"?>
<!DOCTYPE html PUBLIC "-//W3C//DTD XHTML 1.0 Transitional//EN"
    "http://www.w3.org/TR/xhtml1/DTD/xhtml1-transitional.dtd">
<html xmlns="http://www.w3.org/1999/xhtml" xml:lang="en" lang="en">
 <head>
  <title>
</title>
<meta http-equiv="Content-Type" content="text/html;charset=utf-8" />
  <meta name='ocr-system' content='tesseract 3.04.00' />
  <meta name='ocr-capabilities' content='ocr_page ocr_carea ocr_par ocr_line ocrx_word'/>
</head>
<body>
  <div class='ocr_page' id='page_1' title='image "./chroniconmonaste00battuoft_0043.png"; bbox 0 0 2398 4152; ppageno 0'>
   <div class='ocr_carea' id='block_1_1' title="bbox 0 0 654 574">
    <p class='ocr_par' dir='ltr' id='par_1_1' title="bbox 0 0 654 574">
     <span class='ocr_line' id='line_1_1' title="bbox 0 0 654 574; baseline 0 3578"><span class='ocrx_word' id='word_1_1' title='bbox 0 0 654 574; x_wconf 95' lang='lat' dir='ltr'> </span> 
     </span>
    </p>
   </div>
   <div class='ocr_carea' id='block_1_2' title="bbox 522 935 1588 1003">
    <p class='ocr_par' dir='ltr' id='par_1_2' title="bbox 522 935 1588 1003">
     <span class='ocr_line' id='line_1_2' title="bbox 522 935 1588 1003; baseline 0.001 -11"><span class='ocrx_word' id='word_1_2' title='bbox 522 935 924 994; x_wconf 86' lang='lat' dir='ltr'>HISTORIA</span> <span class='ocrx_word' id='word_1_3' title='bbox 975 936 1588 1003; x_wconf 84' lang='lat' dir='ltr'><strong>FUNDATIONIS‚</strong></span> 
     </span>
    </p>
   </div>
   <div class='ocr_carea' id='block_1_3' title="bbox 991 1162 1116 1203">
    <p class='ocr_par' dir='ltr' id='par_1_3' title="bbox 991 1162 1116 1203">
     <span class='ocr_line' id='line_1_3' title="bbox 991 1162 1116 1203; baseline 0.024 -3"><span class='ocrx_word' id='word_1_4' title='bbox 991 1162 1116 1203; x_wconf 85' lang='lat' dir='ltr'>ETC.</span> 
     </span>
    </p>
   </div>
   <div class='ocr_carea' id='block_1_4' title="bbox 449 1341 1677 1445">
    <p class='ocr_par' dir='ltr' id='par_1_4' title="bbox 449 1341 1677 1445">
     <span class='ocr_line' id='line_1_4' title="bbox 449 1341 1677 1445; baseline 0.003 -37"><span class='ocrx_word' id='word_1_5' title='bbox 449 1341 1064 1445; x_wconf 83' lang='lat' dir='ltr'><strong>MONASTERII</strong></span> <span class='ocrx_word' id='word_1_6' title='bbox 1130 1347 1262 1430; x_wconf 91' lang='lat' dir='ltr'>DE</span> <span class='ocrx_word' id='word_1_7' title='bbox 1332 1345 1677 1413; x_wconf 91' lang='lat' dir='ltr'><strong>BELLO.</strong></span> 
     </span>
    </p>
   </div>
   <div class='ocr_carea' id='block_1_5' title="bbox 196 1756 2210 3666">
    <p class='ocr_par' dir='ltr' id='par_1_5' title="bbox 744 1756 2173 2080">
     <span class='ocr_line' id='line_1_5' title="bbox 744 1756 2173 1828; baseline 0.003 -20"><span class='ocrx_word' id='word_1_8' title='bbox 744 1756 1063 1812; x_wconf 89' lang='lat' dir='ltr'>UONIAM</span> <span class='ocrx_word' id='word_1_9' title='bbox 1111 1763 1175 1813; x_wconf 93' lang='lat' dir='ltr'>de</span> <span class='ocrx_word' id='word_1_10' title='bbox 1214 1762 1321 1813; x_wconf 89' lang='lat' dir='ltr'>situ</span> <span class='ocrx_word' id='word_1_11' title='bbox 1358 1770 1412 1812; x_wconf 92' lang='lat' dir='ltr'>et</span> <span class='ocrx_word' id='word_1_12' title='bbox 1447 1761 1782 1812; x_wconf 87' lang='lat' dir='ltr'>institutione</span> <span class='ocrx_word' id='word_1_13' title='bbox 1826 1761 1927 1813; x_wconf 92' lang='lat' dir='ltr'>loci</span> <span class='ocrx_word' id='word_1_14' title='bbox 1946 1781 2018 1828; x_wconf 64' lang='lat' dir='ltr'>&#39;me</span> <span class='ocrx_word' id='word_1_15' title='bbox 2033 1780 2173 1814; x_wconf 81' lang='lat' dir='ltr'>writer’s</span> 
     </span>
     <span class='ocr_line' id='line_1_6' title="bbox 783 1822 2070 1905; baseline 0.002 -14"><span class='ocrx_word' id='word_1_16' title='bbox 783 1843 966 1905; x_wconf 88' lang='lat' dir='ltr'><strong>nostri,</strong></span> <span class='ocrx_word' id='word_1_17' title='bbox 1011 1844 1245 1896; x_wconf 76' lang='lat' dir='ltr'>ecclesiae</span> <span class='ocrx_word' id='word_1_18' title='bbox 1285 1845 1486 1895; x_wconf 91' lang='lat' dir='ltr'>scilicet</span> <span class='ocrx_word' id='word_1_19' title='bbox 1526 1845 1670 1895; x_wconf 87' lang='lat' dir='ltr'>beati</span> <span class='ocrx_word' id='word_1_20' title='bbox 1705 1844 1929 1895; x_wconf 90' lang='lat' dir='ltr'>Martini</span> <span class='ocrx_word' id='word_1_21' title='bbox 1946 1822 2070 1862; x_wconf 51' lang='lat' dir='ltr'>‘’mec“</span> 
     </span>
     <span class='ocr_line' id='line_1_7' title="bbox 785 1927 1930 1997; baseline 0 -20"><span class='ocrx_word' id='word_1_22' title='bbox 785 1927 848 1977; x_wconf 93' lang='lat' dir='ltr'>de</span> <span class='ocrx_word' id='word_1_23' title='bbox 876 1928 1045 1991; x_wconf 87' lang='lat' dir='ltr'>Bello,</span> <span class='ocrx_word' id='word_1_24' title='bbox 1068 1929 1338 1996; x_wconf 90' lang='lat' dir='ltr'>aliquanta</span> <span class='ocrx_word' id='word_1_25' title='bbox 1359 1929 1472 1997; x_wconf 87' lang='lat' dir='ltr'>jam</span> <span class='ocrx_word' id='word_1_26' title='bbox 1495 1927 1764 1978; x_wconf 82' lang='lat' dir='ltr'>memoriae</span> <span class='ocrx_word' id='word_1_27' title='bbox 1790 1945 1930 1978; x_wconf 92' lang='lat' dir='ltr'>com-</span> 
     </span>
     <span class='ocr_line' id='line_1_8' title="bbox 784 2010 1929 2080; baseline 0 -20"><span class='ocrx_word' id='word_1_28' title='bbox 784 2012 1043 2073; x_wconf 86' lang='lat' dir='ltr'>mendata,</span> <span class='ocrx_word' id='word_1_29' title='bbox 1072 2013 1137 2063; x_wconf 89' lang='lat' dir='ltr'>ad</span> <span class='ocrx_word' id='word_1_30' title='bbox 1166 2019 1500 2080; x_wconf 83' lang='lat' dir='ltr'>posterorum</span> <span class='ocrx_word' id='word_1_31' title='bbox 1526 2010 1929 2072; x_wconf 86' lang='lat' dir='ltr'>monimentum,</span> 
     </span>
    </p>

    <p class='ocr_par' dir='ltr' id='par_1_6' title="bbox 755 2093 1986 2164">
     <span class='ocr_line' id='line_1_9' title="bbox 755 2093 1986 2164; baseline 0.001 -21"><span class='ocrx_word' id='word_1_32' title='bbox 755 2093 936 2145; x_wconf 72' lang='lat' dir='ltr'>&#39;nobis</span> <span class='ocrx_word' id='word_1_33' title='bbox 979 2095 1034 2145; x_wconf 91' lang='lat' dir='ltr'>in</span> <span class='ocrx_word' id='word_1_34' title='bbox 1078 2103 1330 2164; x_wconf 88' lang='lat' dir='ltr'>promptu</span> <span class='ocrx_word' id='word_1_35' title='bbox 1371 2095 1653 2156; x_wconf 82' lang='lat' dir='ltr'><strong>habentur,</strong></span> <span class='ocrx_word' id='word_1_36' title='bbox 1702 2093 1933 2145; x_wconf 89' lang='lat' dir='ltr'>decrevi·</span> <span class='ocrx_word' id='word_1_37' title='bbox 1984 2096 1986 2098; x_wconf 70' lang='grc'>’</span> 
     </span>
    </p>

    <p class='ocr_par' dir='ltr' id='par_1_7' title="bbox 784 2177 1933 2491">
     <span class='ocr_line' id='line_1_10' title="bbox 784 2177 1928 2242; baseline -0.001 -14"><span class='ocrx_word' id='word_1_38' title='bbox 784 2195 901 2228; x_wconf 88' lang='lat' dir='ltr'>mus</span> <span class='ocrx_word' id='word_1_39' title='bbox 951 2187 1005 2229; x_wconf 89' lang='lat' dir='ltr'>et</span> <span class='ocrx_word' id='word_1_40' title='bbox 1052 2198 1163 2242; x_wconf 91' lang='lat' dir='ltr'>nos,</span> <span class='ocrx_word' id='word_1_41' title='bbox 1215 2179 1279 2229; x_wconf 91' lang='lat' dir='ltr'>de</span> <span class='ocrx_word' id='word_1_42' title='bbox 1331 2179 1511 2228; x_wconf 91' lang='lat' dir='ltr'>eadem</span> <span class='ocrx_word' id='word_1_43' title='bbox 1559 2197 1699 2228; x_wconf 91' lang='lat' dir='ltr'>nunc</span> <span class='ocrx_word' id='word_1_44' title='bbox 1752 2177 1928 2239; x_wconf 88' lang='lat' dir='ltr'>latius,</span> 
     </span>
     <span class='ocr_line' id='line_1_11' title="bbox 787 2261 1932 2330; baseline 0 -19"><span class='ocrx_word' id='word_1_45' title='bbox 787 2262 1031 2330; x_wconf 88' lang='lat' dir='ltr'>quaedam</span> <span class='ocrx_word' id='word_1_46' title='bbox 1061 2262 1374 2314; x_wconf 89' lang='lat' dir='ltr'>omissorum</span> <span class='ocrx_word' id='word_1_47' title='bbox 1411 2262 1809 2329; x_wconf 89' lang='lat' dir='ltr'>recapitulando</span> <span class='ocrx_word' id='word_1_48' title='bbox 1847 2261 1932 2311; x_wconf 88' lang='lat' dir='ltr'>vel</span> 
     </span>
     <span class='ocr_line' id='line_1_12' title="bbox 786 2344 1932 2413; baseline 0 -19"><span class='ocrx_word' id='word_1_49' title='bbox 786 2344 1098 2412; x_wconf 92' lang='lat' dir='ltr'>supplendo,</span> <span class='ocrx_word' id='word_1_50' title='bbox 1138 2354 1414 2406; x_wconf 81' lang='lat' dir='ltr'>annotare3</span> <span class='ocrx_word' id='word_1_51' title='bbox 1454 2353 1517 2394; x_wconf 93' lang='lat' dir='ltr'>ut</span> <span class='ocrx_word' id='word_1_52' title='bbox 1555 2363 1631 2406; x_wconf 86' lang='lat' dir='ltr'>ea,</span> <span class='ocrx_word' id='word_1_53' title='bbox 1671 2347 1792 2413; x_wconf 88' lang='lat' dir='ltr'>quae</span> <span class='ocrx_word' id='word_1_54' title='bbox 1817 2362 1932 2394; x_wconf 92' lang='lat' dir='ltr'>ver-</span> 
     </span>
     <span class='ocr_line' id='line_1_13' title="bbox 784 2427 1933 2491; baseline 0 -13"><span class='ocrx_word' id='word_1_55' title='bbox 784 2428 1028 2491; x_wconf 91' lang='lat' dir='ltr'>botenus,</span> <span class='ocrx_word' id='word_1_56' title='bbox 1080 2429 1162 2479; x_wconf 89' lang='lat' dir='ltr'>vel</span> <span class='ocrx_word' id='word_1_57' title='bbox 1211 2428 1370 2479; x_wconf 86' lang='lat' dir='ltr'>etiam</span> <span class='ocrx_word' id='word_1_58' title='bbox 1431 2427 1658 2478; x_wconf 86' lang='lat' dir='ltr'>scedulis</span> <span class='ocrx_word' id='word_1_59' title='bbox 1716 2435 1933 2478; x_wconf 85' lang='lat' dir='ltr'>exarata</span> 
     </span>
    </p>

    <p class='ocr_par' dir='ltr' id='par_1_8' title="bbox 197 2510 1931 2579">
     <span class='ocr_line' id='line_1_14' title="bbox 197 2510 1931 2579; baseline -0.003 -14"><span class='ocrx_word' id='word_1_60' title='bbox 197 2514 262 2565; x_wconf 85' lang='lat' dir='ltr'>ab</span> <span class='ocrx_word' id='word_1_61' title='bbox 300 2511 735 2572; x_wconf 74' lang='lat' dir='ltr'>antecessoribus,</span> <span class='ocrx_word' id='word_1_62' title='bbox 763 2511 829 2560; x_wconf 90' lang='lat' dir='ltr'>ad</span> <span class='ocrx_word' id='word_1_63' title='bbox 865 2511 1307 2579; x_wconf 89' lang='lat' dir='ltr'>subsequentium</span> <span class='ocrx_word' id='word_1_64' title='bbox 1332 2511 1626 2562; x_wconf 79' lang='lat' dir='ltr'>utilitatem</span> <span class='ocrx_word' id='word_1_65' title='bbox 1659 2510 1931 2561; x_wconf 88' lang='lat' dir='ltr'>memoriae</span> 
     </span>
    </p>

    <p class='ocr_par' dir='ltr' id='par_1_9' title="bbox 197 2593 1931 2665">
     <span class='ocr_line' id='line_1_15' title="bbox 197 2593 1931 2665; baseline -0.003 -17"><span class='ocrx_word' id='word_1_66' title='bbox 197 2597 371 2665; x_wconf 87' lang='lat' dir='ltr'>digna,</span> <span class='ocrx_word' id='word_1_67' title='bbox 398 2595 596 2646; x_wconf 83' lang='lat' dir='ltr'>discere</span> <span class='ocrx_word' id='word_1_68' title='bbox 638 2593 929 2662; x_wconf 88' lang='lat' dir='ltr'>potuimus,</span> <span class='ocrx_word' id='word_1_69' title='bbox 954 2594 1037 2646; x_wconf 92' lang='lat' dir='ltr'>his</span> <span class='ocrx_word' id='word_1_70' title='bbox 1065 2613 1279 2663; x_wconf 89' lang='lat' dir='ltr'>quoque</span> <span class='ocrx_word' id='word_1_71' title='bbox 1307 2594 1400 2662; x_wconf 89' lang='lat' dir='ltr'>qui</span> <span class='ocrx_word' id='word_1_72' title='bbox 1440 2594 1663 2644; x_wconf 82' lang='lat' dir='ltr'>necdum</span> <span class='ocrx_word' id='word_1_73' title='bbox 1704 2602 1845 2655; x_wconf 89' lang='lat' dir='ltr'>sunt,</span> <span class='ocrx_word' id='word_1_74' title='bbox 1875 2593 1931 2643; x_wconf 92' lang='lat' dir='ltr'>in</span> 
     </span>
    </p>

    <p class='ocr_par' dir='ltr' id='par_1_10' title="bbox 196 2673 1931 2739">
     <span class='ocr_line' id='line_1_16' title="bbox 196 2673 1931 2739; baseline -0.002 -9"><span class='ocrx_word' id='word_1_75' title='bbox 196 2673 378 2731; x_wconf 89' lang='lat' dir='ltr'>libello</span> <span class='ocrx_word' id='word_1_76' title='bbox 420 2677 655 2739; x_wconf 90' lang='lat' dir='ltr'>collecta,</span> <span class='ocrx_word' id='word_1_77' title='bbox 689 2676 1120 2729; x_wconf 85' lang='lat' dir='ltr'>transmittamus.</span> <span class='ocrx_word' id='word_1_78' title='bbox 1199 2677 1344 2730; x_wconf 81' lang='lat' dir='ltr'>Quia</span> <span class='ocrx_word' id='word_1_79' title='bbox 1373 2677 1514 2727; x_wconf 90' lang='lat' dir='ltr'>enim</span> <span class='ocrx_word' id='word_1_80' title='bbox 1551 2677 1726 2728; x_wconf 89' lang='lat' dir='ltr'>minus</span> <span class='ocrx_word' id='word_1_81' title='bbox 1756 2676 1931 2727; x_wconf 88' lang='lat' dir='ltr'>lucide</span> 
     </span>
    </p>

    <p class='ocr_par' dir='ltr' id='par_1_11' title="bbox 197 2759 1930 2912">
     <span class='ocr_line' id='line_1_17' title="bbox 199 2759 1930 2829; baseline -0.001 -17"><span class='ocrx_word' id='word_1_82' title='bbox 199 2763 263 2813; x_wconf 94' lang='lat' dir='ltr'>de</span> <span class='ocrx_word' id='word_1_83' title='bbox 287 2762 453 2812; x_wconf 89' lang='lat' dir='ltr'>fundo</span> <span class='ocrx_word' id='word_1_84' title='bbox 475 2759 865 2829; x_wconf 89' lang='lat' dir='ltr'>possessionum</span> <span class='ocrx_word' id='word_1_85' title='bbox 888 2759 1047 2811; x_wconf 91' lang='lat' dir='ltr'>latius</span> <span class='ocrx_word' id='word_1_86' title='bbox 1073 2760 1283 2823; x_wconf 88' lang='lat' dir='ltr'>diffuso,</span> <span class='ocrx_word' id='word_1_87' title='bbox 1311 2760 1374 2810; x_wconf 91' lang='lat' dir='ltr'>de</span> <span class='ocrx_word' id='word_1_88' title='bbox 1415 2767 1673 2810; x_wconf 88' lang='lat' dir='ltr'>terrarum</span> <span class='ocrx_word' id='word_1_89' title='bbox 1713 2760 1837 2822; x_wconf 89' lang='lat' dir='ltr'>situ,</span> <span class='ocrx_word' id='word_1_90' title='bbox 1866 2761 1930 2810; x_wconf 94' lang='lat' dir='ltr'>de</span> 
     </span>
     <span class='ocr_line' id='line_1_18' title="bbox 197 2843 1930 2912; baseline -0.001 -16"><span class='ocrx_word' id='word_1_91' title='bbox 197 2845 502 2896; x_wconf 89' lang='lat' dir='ltr'>reddituum</span> <span class='ocrx_word' id='word_1_92' title='bbox 542 2860 719 2905; x_wconf 82' lang='lat' dir='ltr'>cenSU,</span> <span class='ocrx_word' id='word_1_93' title='bbox 765 2843 828 2893; x_wconf 93' lang='lat' dir='ltr'>de</span> <span class='ocrx_word' id='word_1_94' title='bbox 868 2843 1314 2895; x_wconf 91' lang='lat' dir='ltr'>consuetudinum</span> <span class='ocrx_word' id='word_1_95' title='bbox 1363 2843 1747 2910; x_wconf 84' lang='lat' dir='ltr'>dignitatumve</span> <span class='ocrx_word' id='word_1_96' title='bbox 1792 2845 1930 2912; x_wconf 87' lang='lat' dir='ltr'>ejus-</span> 
     </span>
    </p>

    <p class='ocr_par' dir='ltr' id='par_1_12' title="bbox 197 2926 1934 3162">
     <span class='ocr_line' id='line_1_19' title="bbox 198 2926 1933 2990; baseline -0.002 -11"><span class='ocrx_word' id='word_1_97' title='bbox 198 2929 316 2979; x_wconf 92' lang='lat' dir='ltr'>dem</span> <span class='ocrx_word' id='word_1_98' title='bbox 378 2927 612 2979; x_wconf 77' lang='lat' dir='ltr'>ecclesiae</span> <span class='ocrx_word' id='word_1_99' title='bbox 661 2926 1016 2990; x_wconf 82' lang='lat' dir='ltr'>libertatibus,</span> <span class='ocrx_word' id='word_1_100' title='bbox 1069 2928 1132 2978; x_wconf 92' lang='lat' dir='ltr'>de</span> <span class='ocrx_word' id='word_1_101' title='bbox 1183 2927 1339 2977; x_wconf 89' lang='lat' dir='ltr'>variis</span> <span class='ocrx_word' id='word_1_102' title='bbox 1390 2928 1456 2978; x_wconf 90' lang='lat' dir='ltr'>ad</span> <span class='ocrx_word' id='word_1_103' title='bbox 1523 2927 1782 2978; x_wconf 83' lang='lat' dir='ltr'>cautelam</span> <span class='ocrx_word' id='word_1_104' title='bbox 1849 2927 1933 2978; x_wconf 89' lang='lat' dir='ltr'>vel</span> 
     </span>
     <span class='ocr_line' id='line_1_20' title="bbox 197 3011 1933 3080; baseline -0.001 -16"><span class='ocrx_word' id='word_1_105' title='bbox 197 3013 529 3064; x_wconf 91' lang='lat' dir='ltr'>commodum</span> <span class='ocrx_word' id='word_1_106' title='bbox 567 3020 900 3080; x_wconf 90' lang='lat' dir='ltr'>posterorum</span> <span class='ocrx_word' id='word_1_107' title='bbox 925 3012 1278 3063; x_wconf 88' lang='lat' dir='ltr'>accidentium</span> <span class='ocrx_word' id='word_1_108' title='bbox 1303 3012 1386 3062; x_wconf 87' lang='lat' dir='ltr'>vel</span> <span class='ocrx_word' id='word_1_109' title='bbox 1422 3011 1739 3080; x_wconf 88' lang='lat' dir='ltr'>placitorum</span> <span class='ocrx_word' id='word_1_110' title='bbox 1766 3012 1933 3062; x_wconf 87' lang='lat' dir='ltr'>causis</span> 
     </span>
     <span class='ocr_line' id='line_1_21' title="bbox 197 3094 1934 3162; baseline -0.002 -14"><span class='ocrx_word' id='word_1_111' title='bbox 197 3097 448 3148; x_wconf 87' lang='lat' dir='ltr'>hactenus</span> <span class='ocrx_word' id='word_1_112' title='bbox 487 3095 750 3162; x_wconf 87' lang='lat' dir='ltr'>digestum</span> <span class='ocrx_word' id='word_1_113' title='bbox 793 3102 889 3157; x_wconf 92' lang='lat' dir='ltr'>est,</span> <span class='ocrx_word' id='word_1_114' title='bbox 930 3114 1071 3146; x_wconf 90' lang='lat' dir='ltr'>nunc</span> <span class='ocrx_word' id='word_1_115' title='bbox 1110 3095 1237 3146; x_wconf 89' lang='lat' dir='ltr'>licet</span> <span class='ocrx_word' id='word_1_116' title='bbox 1278 3096 1344 3146; x_wconf 87' lang='lat' dir='ltr'>ad</span> <span class='ocrx_word' id='word_1_117' title='bbox 1393 3095 1509 3145; x_wconf 89' lang='lat' dir='ltr'>haec</span> <span class='ocrx_word' id='word_1_118' title='bbox 1535 3094 1934 3145; x_wconf 74' lang='lat' dir='ltr'>&#39;insufficientes</span> 
     </span>
    </p>

    <p class='ocr_par' dir='ltr' id='par_1_13' title="bbox 197 3175 1933 3247">
     <span class='ocr_line' id='line_1_22' title="bbox 197 3175 1933 3247; baseline -0.002 -18"><span class='ocrx_word' id='word_1_119' title='bbox 197 3179 410 3247; x_wconf 89' lang='lat' dir='ltr'>penitus</span> <span class='ocrx_word' id='word_1_120' title='bbox 450 3179 629 3241; x_wconf 89' lang='lat' dir='ltr'>simus,</span> <span class='ocrx_word' id='word_1_121' title='bbox 656 3179 719 3228; x_wconf 89' lang='lat' dir='ltr'>ad</span> <span class='ocrx_word' id='word_1_122' title='bbox 763 3179 943 3228; x_wconf 91' lang='lat' dir='ltr'>eadem</span> <span class='ocrx_word' id='word_1_123' title='bbox 981 3179 1191 3247; x_wconf 90' lang='lat' dir='ltr'>plenius</span> <span class='ocrx_word' id='word_1_124' title='bbox 1231 3178 1562 3247; x_wconf 87' lang='lat' dir='ltr'>expedienda</span> <span class='ocrx_word' id='word_1_125' title='bbox 1600 3178 1666 3227; x_wconf 91' lang='lat' dir='ltr'>ab</span> <span class='ocrx_word' id='word_1_126' title='bbox 1712 3175 1933 3227; x_wconf 88' lang='lat' dir='ltr'>exordio</span> 
     </span>
    </p>

    <p class='ocr_par' dir='ltr' id='par_1_14' title="bbox 199 3260 1730 3330">
     <span class='ocr_line' id='line_1_23' title="bbox 199 3260 1730 3330; baseline -0.001 -18"><span class='ocrx_word' id='word_1_127' title='bbox 199 3262 431 3312; x_wconf 89' lang='lat' dir='ltr'>animum</span> <span class='ocrx_word' id='word_1_128' title='bbox 456 3262 651 3313; x_wconf 86' lang='lat' dir='ltr'>arctius</span> <span class='ocrx_word' id='word_1_129' title='bbox 673 3262 1063 3330; x_wconf 81' lang='lat' dir='ltr'>accommodare</span> <span class='ocrx_word' id='word_1_130' title='bbox 1088 3280 1195 3312; x_wconf 92' lang='lat' dir='ltr'>non</span> <span class='ocrx_word' id='word_1_131' title='bbox 1221 3261 1411 3311; x_wconf 91' lang='lat' dir='ltr'>inutile</span> <span class='ocrx_word' id='word_1_132' title='bbox 1437 3260 1609 3310; x_wconf 91' lang='lat' dir='ltr'>visum</span> <span class='ocrx_word' id='word_1_133' title='bbox 1635 3268 1730 3311; x_wconf 89' lang='lat' dir='ltr'>est.</span> 
     </span>
    </p>

    <p class='ocr_par' dir='ltr' id='par_1_15' title="bbox 199 3343 2210 3666">
     <span class='ocr_line' id='line_1_24' title="bbox 271 3343 2210 3412; baseline -0.006 -14"><span class='ocrx_word' id='word_1_134' title='bbox 271 3344 541 3398; x_wconf 80' lang='lat' dir='ltr'>Quoniam</span> <span class='ocrx_word' id='word_1_135' title='bbox 582 3344 746 3412; x_wconf 87' lang='lat' dir='ltr'>igitur</span> <span class='ocrx_word' id='word_1_136' title='bbox 781 3344 1184 3412; x_wconf 85' lang='lat' dir='ltr'>dispensationis</span> <span class='ocrx_word' id='word_1_137' title='bbox 1216 3352 1353 3394; x_wconf 91' lang='lat' dir='ltr'>nutu</span> <span class='ocrx_word' id='word_1_138' title='bbox 1380 3361 1487 3410; x_wconf 89' lang='lat' dir='ltr'>quo</span> <span class='ocrx_word' id='word_1_139' title='bbox 1515 3343 1690 3393; x_wconf 88' lang='lat' dir='ltr'>omnia</span> <span class='ocrx_word' id='word_1_140' title='bbox 1714 3343 1934 3394; x_wconf 88' lang='lat' dir='ltr'>volvun-</span> <span class='ocrx_word' id='word_1_141' title='bbox 1957 3357 2120 3390; x_wconf 76' lang='lat' dir='ltr'>occasion</span> <span class='ocrx_word' id='word_1_142' title='bbox 2169 3358 2210 3388; x_wconf 85' lang='lat' dir='ltr'>of</span> 
     </span>
     <span class='ocr_line' id='line_1_25' title="bbox 199 3399 2171 3494; baseline -0.003 -18"><span class='ocrx_word' id='word_1_143' title='bbox 199 3435 285 3477; x_wconf 91' lang='lat' dir='ltr'>tur</span> <span class='ocrx_word' id='word_1_144' title='bbox 311 3427 580 3490; x_wconf 89' lang='lat' dir='ltr'>secularia,</span> <span class='ocrx_word' id='word_1_145' title='bbox 608 3446 678 3476; x_wconf 87' lang='lat' dir='ltr'>ex</span> <span class='ocrx_word' id='word_1_146' title='bbox 703 3426 896 3494; x_wconf 83' lang='lat' dir='ltr'>insigni</span> <span class='ocrx_word' id='word_1_147' title='bbox 924 3427 1353 3478; x_wconf 87' lang='lat' dir='ltr'>Normannorum</span> <span class='ocrx_word' id='word_1_148' title='bbox 1380 3444 1437 3476; x_wconf 90' lang='lat' dir='ltr'>ac</span> <span class='ocrx_word' id='word_1_149' title='bbox 1471 3426 1647 3493; x_wconf 82' lang='lat' dir='ltr'>magni</span> <span class='ocrx_word' id='word_1_150' title='bbox 1680 3425 1935 3494; x_wconf 90' lang='lat' dir='ltr'>principis</span> <span class='ocrx_word' id='word_1_151' title='bbox 1954 3399 2171 3473; x_wconf 40' lang='lat' dir='ltr'>{moma-</span> 
     </span>
     <span class='ocr_line' id='line_1_26' title="bbox 200 3508 1932 3577; baseline 0.001 -18"><span class='ocrx_word' id='word_1_152' title='bbox 200 3508 443 3560; x_wconf 87' lang='lat' dir='ltr'>Rollonis</span> <span class='ocrx_word' id='word_1_153' title='bbox 468 3518 742 3560; x_wconf 89' lang='lat' dir='ltr'>stemmate</span> <span class='ocrx_word' id='word_1_154' title='bbox 768 3510 1036 3577; x_wconf 91' lang='lat' dir='ltr'>piissimus</span> <span class='ocrx_word' id='word_1_155' title='bbox 1068 3511 1180 3560; x_wconf 86' lang='lat' dir='ltr'>dux</span> <span class='ocrx_word' id='word_1_156' title='bbox 1201 3509 1524 3571; x_wconf 81' lang='lat' dir='ltr'>Willelmus,</span> <span class='ocrx_word' id='word_1_157' title='bbox 1550 3517 1701 3577; x_wconf 90' lang='lat' dir='ltr'>pater</span> <span class='ocrx_word' id='word_1_158' title='bbox 1725 3509 1932 3577; x_wconf 78' lang='lat' dir='ltr'>patriae,</span> 
     </span>
     <span class='ocr_line' id='line_1_27' title="bbox 200 3591 1931 3666; baseline 0 -24"><span class='ocrx_word' id='word_1_159' title='bbox 200 3600 253 3641; x_wconf 90' lang='lat' dir='ltr'>et</span> <span class='ocrx_word' id='word_1_160' title='bbox 294 3591 445 3666; x_wconf 65' lang='lat' dir='ltr'>limes</span> <span class='ocrx_word' id='word_1_161' title='bbox 486 3593 707 3643; x_wconf 89' lang='lat' dir='ltr'>ducatus</span> <span class='ocrx_word' id='word_1_162' title='bbox 757 3601 811 3643; x_wconf 94' lang='lat' dir='ltr'>et</span> <span class='ocrx_word' id='word_1_163' title='bbox 861 3593 1009 3659; x_wconf 85' lang='lat' dir='ltr'>regni</span> <span class='ocrx_word' id='word_1_164' title='bbox 1053 3593 1243 3644; x_wconf 90' lang='lat' dir='ltr'>merito</span> <span class='ocrx_word' id='word_1_165' title='bbox 1287 3592 1654 3654; x_wconf 90' lang='lat' dir='ltr'>nominandus,</span> <span class='ocrx_word' id='word_1_166' title='bbox 1709 3592 1823 3660; x_wconf 91' lang='lat' dir='ltr'>ipso</span> <span class='ocrx_word' id='word_1_167' title='bbox 1879 3592 1931 3642; x_wconf 92' lang='lat' dir='ltr'>in</span> 
     </span>
    </p>
   </div>
   <div class='ocr_carea' id='block_1_6' title="bbox 1691 3692 1723 3725">
    <p class='ocr_par' dir='ltr' id='par_1_16' title="bbox 1691 3692 1723 3725">
     <span class='ocr_line' id='line_1_28' title="bbox 1691 3692 1723 3725; baseline 0 0"><span class='ocrx_word' id='word_1_168' title='bbox 1691 3692 1723 3725; x_wconf 91' lang='lat' dir='ltr'>B</span> 
     </span>
    </p>
   </div>
   <div class='ocr_carea' id='block_1_7' title="bbox 0 1761 741 4152">
    <p class='ocr_par' dir='ltr' id='par_1_17' title="bbox 0 1761 741 4152">
     <span class='ocr_line' id='line_1_29' title="bbox 0 1761 741 4152; baseline 0 -1733"><span class='ocrx_word' id='word_1_169' title='bbox 0 2187 40 4152; x_wconf 95' lang='lat' dir='ltr'> </span> <span class='ocrx_word' id='word_1_170' title='bbox 198 1761 741 2419; x_wconf 95' lang='lat' dir='ltr'> </span> 
     </span>
    </p>
   </div>
  </div>
 </body>
</html>
