2398 4152
207 1112 274 1144 but
286 1111 317 1144 is
331 1111 385 1143 in-

208 1152 388 1195 ten-rupted
400 1152 458 1227 tby

208 1196 270 1228 the
283 1195 366 1228 Earl
379 1204 399 1227 0

209 1238 333 1278 Essex,

205 1714 276 1746 and
292 1713 446 1746 Richard

204 1757 247 1789 de
264 1755 361 1789 Luci.

204 2134 279 2167 The
298 2132 444 2175 Bishop.

478 442 549 494 94
992 450 1276 494 HISTORIA
1314 449 1727 493 FUNDATIONIS

477 577 604 629 mali
628 577 900 629 aestimans
940 577 1104 629 semel
1141 577 1450 646 iterumque
1484 583 1649 646 atque
1673 575 1836 630 tertio
1858 575 1975 629 haec
1999 575 2231 646 patiens,

476 669 630 731 grato
669 661 848 714 animo
884 661 1082 731 accepi.
1161 661 1300 713 Haec
1338 661 1523 730 itaque
1549 661 1727 714 omnia
1765 661 1908 714 inter
1930 680 2028 714 nos
2052 668 2117 713 ut
2139 679 2235 713 au-

478 747 630 799 distis
677 747 897 817 pacifice
957 754 1075 798 acta
1129 754 1272 809 sunt,
1335 747 1504 798 donec
1562 746 1812 815 episcopo
1862 744 2236 799 Lundoniensi

477 840 710 896 mortuo,
755 831 934 883 nescio
961 850 1069 900 quo
1095 839 1190 883 aut
1225 831 1443 883 invidiae
1469 831 1556 883 vel
1574 831 1849 901 *superbiae
1875 831 2070 900 spiritu
2093 831 2238 882 idem

477 917 713 979 inflatUS,
751 916 910 968 rectis
950 916 1119 968 oculis
1161 935 1246 968 me
1280 916 1482 968 intueri
1521 935 1629 969 11011
1666 922 1896 985 poterat.
1974 914 2238 985 Sperabat

480 1001 623 1054 enim
661 1020 746 1053 me
790 1001 894 1053 sibi
938 1001 1172 1054 fortuitu
1210 1009 1274 1053 ut
1312 1002 1469 1053 credo
1508 1001 1566 1053 in
1606 1001 1705 1053 illo
1730 1001 1972 1053 nocuisse
1997 1000 2235 1070 negotiO,

480 1087 628 1156 quod
652 1086 870 1139 omnino
904 1087 1131 1156 probare
1156 1105 1267 1138 11011
1289 1085 1543 1156 poterit.”
1620 1085 1713 1138 Ad
1729 1086 1847 1138 haec
1875 1085 2144 1138 Henricus
2169 1085 2236 1136 de

480 1171 737 1224 Essexia:
787 1175 822 1200 “
851 1171 911 1224 Si
975 1173 1041 1224 de
1097 1172 1409 1243 episcopatu
1466 1171 1770 1224 Lundoniae
1815 1191 1970 1241 agere
2020 1170 2237 1224 dilectio

478 1267 655 1310 vestra
705 1257 955 1320 voluerit,
1009 1258 1252 1327 profecto
1302 1258 1550 1310 omnibus
1599 1266 1791 1309 notum
1840 1265 1938 1321 est,
1989 1257 2237 1308 abbatem

477 1342 643 1395 istum
683 1342 831 1394 illius
856 1342 1074 1394 honoris
1101 1343 1393 1395 ambitione
1422 1343 1712 1413 quicquam
1737 1350 1922 1395 contra
1945 1341 2128 1393 Deum
2151 1340 2238 1394 vel

477 1446 685 1480 sacrum
720 1427 961 1479 ordinem
984 1428 1141 1479 illum
1167 1428 1454 1479 simoniace
1480 1427 1664 1496 aliquo
1690 1436 1932 1496 tempore
1958 1445 2115 1496 agere
2139 1445 2237 1478 no·-

475 1512 656 1565 luisse.
736 1512 902 1566 Quod
944 1513 1006 1575 si,
1048 1521 1113 1564 ut
1153 1512 1419 1577 nonnulli,
1463 1512 1693 1582 pecunia
1734 1513 2003 1564 mediante
2029 1512 2088 1564 in
2112 1512 2237 1564 sede

475 1598 570 1649 illa
607 1597 854 1649 collocari
899 1597 1190 1661 affectaret,
1237 1616 1421 1650 01111108
1458 1616 1556 1667 pro
1597 1605 1744 1650 certo
1786 1597 2056 1667 repulsam
2097 1597 2239 1668 passi

476 1682 796 1734 intronizari
843 1698 958 1752 prae
1008 1682 1258 1734 omnibus
1307 1682 1646 1735 meruisset.’'
1722 1682 1828 1735 His
1855 1683 2122 1735 Ricardus
2169 1683 2236 1735 de

478 1768 617 1820 Luci
654 1767 975 1838 subjunxit:
1019 1770 1054 1794 “
1076 1766 1241 1820 Absit
1270 1767 1372 1820 hoc
1414 1768 1480 1820 ab
1522 1787 1605 1831 00,
1650 1776 1715 1820 ut
1756 1768 2106 1820 intercessore
2141 1767 2239 1820 tali

478 1862 590 1906 tam
651 1872 859 1905 sacrum
907 1861 1126 1922 tamque
1192 1853 1536 1923 magnificum
1586 1853 1828 1906 ordinem
1896 1853 2238 1923 adipiscatur.

479 1938 711 1991 Nullum
737 1938 882 1991 enim
906 1939 1215 1991 mortalium
1239 1939 1394 1992 nobis
1419 1938 1663 1992 novimus
1698 1938 1756 1991 in
1794 1939 1897 1992 hoc
1937 1958 2097 2010 opere
2122 1938 2238 1991 fore

476 2023 820 2076 verendum.”

551 2108 1128 2162 Submurmurantibus
1190 2109 1480 2173 1101111111118,
1531 2109 1810 2180 episcopus
1860 2110 2108 2181 spiritum
2156 2128 2240 2161 re-

477 2212 693 2246 sumens
731 2194 1028 2246 orationem
1064 2194 1357 2263 incoeptam
1404 2195 1769 2264 prosequitur.
1846 2197 1882 2224 “
1903 2195 2016 2248 Res
2052 2195 2236 2265 igitur,

477 2279 691 2331 domine
733 2279 828 2343 mi,
870 2298 943 2330 ex
986 2287 1117 2331 tunc
1156 2279 1299 2331 inter
1336 2298 1433 2331 nos
1470 2280 1527 2331 in
1571 2280 1735 2332 dubio
1774 2281 1951 2349 posita
1990 2288 2087 2344 est,
2137 2298 2237 2333 1100

478 2364 767 2434 quisquam
814 2372 1059 2415 nostrum
1107 2364 1174 2416 ab
1226 2383 1387 2434 opere
1435 2364 1677 2434 incoepto
1729 2365 1995 2418 declinare
2044 2366 2236 2419 voluit.

481 2450 638 2502 Tunc
685 2449 905 2518 quidam
956 2450 1024 2501 ad
1079 2468 1165 2501 me
1213 2449 1492 2502 venientes
1536 2450 1937 2514 intimaverunt,
1989 2452 2238 2504 abbatem

477 2532 576 2584 hac
605 2532 670 2583 de
697 2550 854 2583 causa
892 2531 1158 2600 synodum
1195 2541 1380 2601 petere
1406 2531 1660 2597 noluisse,
1699 2533 1847 2602 quod
1867 2532 2025 2585 cartis
2050 2540 2106 2585 et
2128 2533 2239 2602 pri-

477 2617 686 2686 vilegiis
707 2634 819 2669 suae
844 2625 1003 2668 utens
1029 2617 1270 2670 ecclesiae
1298 2636 1482 2670 earum
1508 2618 1873 2670 extollebatur
1898 2618 2235 2683 auctoritate,

479 2703 705 2755 dicendo
750 2721 805 2754 se
841 2702 1150 2754 canonicam
1178 2702 1500 2756 Cicestrensi
1541 2704 1780 2757 ecclesiae
1821 2704 2042 2756 minime
2081 2704 2237 2757 exhi-

477 2788 607 2840 bere
635 2787 1000 2845 obedientiam
1026 2787 1235 2840 debere.
1315 2788 1481 2842 Quod
1504 2797 1794 2859 postquam
1819 2789 2017 2859 accepi,
2048 2789 2236 2842 nolens

480 2873 756 2925 ecclesiam
795 2891 968 2924 meam
1008 2873 1246 2942 antiquis
1288 2873 1399 2925 81118
1435 2883 1489 2926 et
1526 2875 1689 2944 justis
1727 2875 1860 2927 meis
1906 2875 2238 2944 temporibus

478 2958 651 3010 minui
685 2957 1058 3027 dignitatibus,
1105 2958 1351 3010 abbatem
1382 2978 1504 3010 cum
1530 2960 1759 3028 quadam
1784 2960 2078 3029 parrochiae
2101 2977 2236 3013 meae

480 3062 708 3114 persona
757 3042 862 3094 alia
902 3042 1168 3111 synodum
1213 3043 1358 3112 apud
1402 3043 1715 3096 Cicestriam
1762 3053 1947 3114 petere
1996 3054 2238 3116 tempore
2311 3094 2314 3096 .
2378 3087 2381 3090 -

481 3128 777 3180 constituto
803 3127 1189 3179 summonitum
1213 3146 1312 3179 nec
1337 3128 1641 3180 venientem
1665 3129 1942 3193 interdixi,
1971 3149 2035 3183 00
2061 3139 2239 3184 tamen

481 3222 666 3265 tenore
694 3213 840 3282 quod
867 3213 912 3264 si
935 3212 1077 3264 infra
1102 3213 1454 3283 quadraginta
1479 3213 1688 3266 dierum
1727 3214 1960 3284 spatium
2001 3216 2240 3268 satisfac-

480 3308 635 3351 turus
673 3317 783 3350 non
806 3298 1032 3362 veniret,
1074 3299 1139 3350 ab
1167 3298 1344 3350 officio
1371 3317 1467 3351 suo
1493 3318 1781 3369 suspensus
1806 3309 2050 3354 cessaret.
2125 3301 2238 3356 Ve—

479 3402 600 3435 rum
642 3402 869 3452 persona
912 3383 1040 3435 alia*
1059 3383 1290 3453 supplici
1330 3403 1460 3436 voce
1500 3385 1710 3436 veniam
1751 3394 1941 3455 petens
1980 3387 2236 3452 obtinuit,

481 3469 674 3520 abbate
715 3469 773 3519 in
812 3469 1077 3520 sententia
1114 3477 1480 3538 permanente.
1558 3469 1724 3524 Quod
1758 3471 1922 3523 abbas
1945 3480 2010 3524 ut
2034 3472 2242 3525 audivit

482 3571 661 3621 regem
710 3553 1044 3622 Stephanum
1088 3554 1239 3617 adiit,
1281 3562 1445 3624 atque
1492 3554 1574 3606 illi
1624 3574 1784 3624 super
1831 3555 1932 3608 hoc
1983 3567 2235 3627 questum

483 3636 688 3688 intulit.
765 3637 893 3690 Rex
930 3658 1056 3691 vero
1100 3640 1367 3709 quendam
1403 3658 1475 3691 ex
1520 3639 1721 3694 clericis
1760 3641 1869 3693 suis
1910 3641 2240 3695 Rotbertum
