2398 4152
666 444 1030 486 MONASTERII
1073 445 1153 485 DE
1196 445 1401 486 BELLo.
1800 426 1903 485 175

169 585 383 620 manum
414 566 688 630 habemuS,
726 567 1071 631 confirmavit,
1107 575 1171 618 ut
1203 585 1320 631 rex,
1355 575 1418 618 ut
1449 566 1604 618 fundi
1640 566 1905 628 dominuS,

171 661 234 704 ut
265 651 570 703 monasterii
597 651 762 714 illius,
788 658 983 720 praeter
1020 658 1213 702 caetera
1244 651 1392 719 regni
1425 650 1759 712 monasteria,
1790 667 1908 717 spe-

170 736 317 788 cialis
363 743 635 803 patronus·
710 734 827 786 Nec
877 734 1096 802 quidem
1145 734 1497 802 incongruum
1538 733 1646 784 fuit
1696 732 1908 784 domino

171 819 284 887 regi
309 819 374 869 de
397 818 648 869 membris
673 817 969 886 disponere,
992 817 1080 868 cui
1104 824 1279 868 totum
1304 835 1494 885 corpus
1519 826 1630 868 erat
1655 816 1711 867 in
1735 824 1910 884 potes-

170 902 331 955 tate.'’
403 901 480 953 Et
520 901 634 952 haec
659 901 856 964 dicenS,
897 909 1095 952 cartam
1133 899 1333 952 domini
1376 900 1516 967 regis
1556 918 1714 968 super
1749 900 1910 950 dona-

170 987 314 1038 tione
338 994 393 1037 et
426 986 823 1038 confirmatione
865 985 922 1035 in
953 985 1187 1036 medium
1224 983 1467 1053 protulit.
1542 983 1618 1034 Et
1642 983 1907 1034 adiciens:

175 1074 209 1098 ‘⁶
236 1069 446 1132 Facta‚”
483 1069 679 1137 inquit,
719 1073 754 1097 “
774 1070 897 1137 jure
922 1076 1234 1136 patronatus
1262 1067 1570 1136 hujusmodi
1609 1067 1909 1128 donatione,

174 1154 254 1206 vir
277 1152 593 1205 venerabilis
626 1152 871 1203 dominus
906 1152 1169 1204 Ricardus
1201 1159 1327 1202 tunc
1356 1150 1751 1201 Cantuariensis
1777 1150 1912 1200 elec-

175 1245 280 1300 tus,
325 1237 598 1288 dominum
622 1254 799 1286 meum
830 1235 1203 1297 Godefridum,
1243 1234 1557 1286 auctoritate
1584 1251 1691 1301 qua
1713 1233 1911 1302 potuit,

173 1321 242 1372 ad
306 1320 772 1389 praesentationem
833 1319 1035 1371 domini
1100 1318 1238 1387 regis
1297 1317 1587 1387 suscipiens
1634 1336 1913 1387 personam

173 1404 374 1472 absque
401 1403 545 1455 omni
583 1404 898 1472 exceptione
933 1403 1189 1466 instituit,
1235 1402 1372 1454 datis
1405 1402 1508 1453 sibi
1541 1401 1596 1453 in
1623 1402 1915 1453 testimonii

176 1488 569 1539 munimentum
608 1487 962 1539 institutionis
1002 1505 1113 1539 suae
1151 1486 1363 1549 litteris,
1408 1485 1582 1554 sigillo
1617 1486 1762 1553 quod
1788 1493 1916 1536 tunc

175 1572 368 1624 habere
394 1572 672 1623 videbatur
697 1571 963 1640 opposito,
990 1571 1118 1622 licet
1139 1571 1376 1622 nondum
1394 1570 1451 1620 in
1471 1569 1631 1638 plena
1652 1576 1916 1637 potestate

179 1656 450 1707 videretur
469 1654 844 1707 constitutus.’'
896 1654 1286 1723 Proferensque
1312 1654 1368 1705 in
1391 1653 1668 1722 publicum
1692 1653 1914 1715 litteras,

180 1744 215 1769 “
242 1740 381 1804 En,”
405 1739 603 1807 inquit,
642 1742 677 1768 “
704 1739 872 1808 ipsius
898 1739 1055 1790 electi
1080 1738 1461 1790 testimonium.
1539 1737 1731 1789 Sedem
1766 1755 1917 1806 apos-

184 1823 396 1875 tolicam
431 1823 770 1892 postmodum
808 1822 1006 1886 adiens,
1046 1823 1231 1891 ibique
1270 1840 1301 1873 a
1338 1822 1551 1873 domino
1586 1839 1725 1890 papa
1748 1821 1920 1871 solen-

180 1907 321 1958 niter
350 1914 703 1969 consecratus,
745 1925 804 1958 ac
842 1906 965 1957 inde
1001 1924 1124 1957 cum
1151 1905 1308 1974 plena
1340 1912 1603 1974 potestate
1638 1904 1921 1972 archiepis-

181 1991 321 2060 copi,
355 1990 597 2059 primatis
628 1998 683 2042 et
711 1988 875 2058 legati
900 1989 1074 2040 denuo
1099 1989 1324 2051 redienS,
1353 1989 1497 2056 quod
1521 1987 1722 2039 electus
1746 1988 1922 2038 minus

185 2082 343 2126 antea
389 2075 561 2127 facere
609 2083 838 2144 poterat,
874 2075 986 2144 jam
1025 2074 1365 2126 confirmatus
1407 2073 1567 2142 plena
1608 2074 1922 2124 auctoritate

184 2158 514 2210 instituendo
549 2166 604 2210 et
644 2158 1001 2210 confirmando
1034 2157 1351 2209 roboravit.'’
1424 2157 1501 2208 Et
1541 2157 1658 2208 haec
1682 2157 1921 2218 dicendo,

184 2251 381 2294 cartam
417 2242 800 2311 archiepiscopi
834 2242 952 2311 ipso
977 2241 1138 2293 etiam
1163 2241 1556 2310 archiepiscopo
1580 2248 1841 2309 praesente
1866 2241 1923 2291 in

187 2326 426 2378 omnium
451 2326 616 2377 oculis
639 2326 888 2388 ostendit,
931 2325 1008 2376 ita
1044 2325 1396 2377 subinferens,
1471 2328 1507 2352 ‘⁶
1535 2323 1670 2375 Cum
1706 2324 1923 2392 igitur,”

185 2410 383 2479 inquit,
425 2414 461 2439 “
487 2410 650 2479 hujus
685 2409 926 2461 ecclesiae
964 2409 1028 2460 de
1055 2409 1151 2461 Wi
1187 2428 1294 2460 non
1338 2408 1763 2477 qualemcunque
1801 2426 1924 2476 por-

187 2495 387 2547 tionem
412 2494 503 2545 sed
539 2494 811 2545 ecclesiam
835 2501 1003 2545 totam
1028 2511 1150 2544 cum
1176 2493 1319 2544 omni
1338 2492 1476 2562 juris
1512 2492 1595 2543 sui
1619 2492 1924 2559 integritate

188 2579 432 2630 dominus
469 2596 620 2630 meus
647 2577 973 2629 Godefridus
998 2586 1107 2628 tam
1132 2577 1419 2628 excellenti
1444 2576 1761 2627 auctoritate
1787 2576 1925 2627 obti-

189 2662 384 2725 nuerit,
412 2662 657 2713 dominus
680 2662 838 2713 abbas
864 2669 919 2712 et
955 2660 1199 2713 monachi
1224 2660 1288 2711 de
1315 2660 1470 2711 Bello
1494 2660 1660 2728 ipsius
1690 2660 1924 2711 ecclesiae

189 2746 528 2798 medietatem
553 2755 735 2797 contra
768 2746 968 2814 regiam
1004 2744 1458 2814 episcopalemque
1493 2744 1804 2812 dignitatem
1837 2744 1926 2796 de-

191 2830 367 2881 tinent
396 2837 720 2899 occupatam.
796 2830 942 2898 Ergo
978 2829 1269 2880 secundum
1307 2828 1517 2897 plenam
1552 2828 1749 2879 domini
1789 2829 1925 2896 regis

192 2914 530 2965 donationem
556 2922 611 2965 et
636 2914 835 2965 domini
861 2913 1241 2982 archiepiscopi
1273 2912 1485 2980 plenam
1517 2912 1925 2974 institutionem,

192 2998 401 3066 plenam
437 2998 670 3067 petimus
708 2997 1108 3067 possessionem,
1149 2997 1216 3047 ad
1249 2997 1502 3065 majorem
1545 2995 1713 3065 parati
1737 2997 1927 3064 proba-

194 3082 407 3145 tionem,
430 3082 474 3132 si
498 3081 636 3133 forte
655 3083 768 3150 jam
794 3082 937 3133 edita
954 3081 1197 3133 videatur
1221 3081 1396 3131 minus
1422 3081 1684 3131 sufficiens
1706 3080 1926 3143 3'abbati

195 3174 251 3217 et
272 3166 554 3229 monachis,
572 3166 727 3234 plena
751 3165 1077 3234 possessione
1104 3172 1363 3232 suscepta,
1390 3163 1434 3214 si
1461 3163 1591 3231 quid
1617 3163 1927 3231 quaestionis

196 3250 470 3301 adversum
516 3268 612 3301 nos
653 3249 937 3300 habuerint
984 3247 1304 3316 responsuri,
1356 3254 1411 3298 et
1458 3247 1748 3298 secundum
1791 3246 1928 3315 J‘uris

197 3333 433 3384 ordinem
458 3333 827 3384 satisfacturi.'’

270 3416 609 3485 Stupefactus
662 3417 728 3467 ad
777 3417 892 3467 haec
942 3416 1103 3466 abbas
1158 3414 1465 3482 plurimum,
1517 3415 1691 3465 stabat
1738 3433 1929 3483 expers
1948 3434 2020 3466 The
2036 3434 2150 3466 Abbot

1948 3476 1978 3507 is
1993 3475 2130 3507 amazed
2145 3478 2180 3507 at

198 3499 413 3551 humani
438 3500 657 3563 consilii,
700 3500 925 3551 confisus
965 3507 1140 3549 tamen
1181 3499 1245 3548 de
1281 3498 1477 3549 divino.
1554 3497 1929 3567 Responsurus
1949 3518 2007 3549 the
2026 3518 2160 3557 charge.

201 3583 266 3633 ad
306 3585 591 3653 proposita,
636 3603 757 3635 cum
782 3602 870 3636 eos
898 3601 1030 3651 quos
1057 3582 1302 3634 credebat
1327 3582 1538 3645 amicos,
1579 3590 1642 3633 ut
1666 3583 1730 3634 ad
1762 3583 1929 3635 consi-
