2398 4152
727 456 895 501 MoNA
901 455 1090 500 STERII
1133 457 1212 497 DE
1255 455 1454 497 BELLO.
1879 443 1947 493 85

215 588 382 633 costes
409 598 568 650 quem
593 587 721 632 tunc
749 581 835 632 die
861 580 984 632 festi
1018 580 1183 632 sancti
1224 579 1492 631 Dunstani
1526 578 1650 630 anni
1687 578 1949 631 revolutio

211 665 269 716 in
299 665 481 716 orbem
502 664 879 716 celebrandum
902 665 1207 727 reduxerat,
1234 664 1375 715 idem
1400 663 1769 714 memorandus
1804 663 1949 732 prin-

199 767 331 817 -ceps
356 749 500 818 apud
523 756 762 800 sanctum
777 748 1123 800 Edmundum
1143 748 1439 799 diademate
1459 746 1745 815 insignitus
1764 745 1948 814 regali,

211 832 400 884 multis
425 832 627 884 ibidem
646 831 1115 895 convenientibuS,
1160 830 1555 900 archiepiscopo
1582 829 1786 881 scilicet
1812 829 1949 882 Can-

210 916 416 981 tuariae,
477 915 756 985 episcopiS,
816 915 1118 978 abbatibuS,
1171 914 1473 976 comitibus,
1519 914 1826 976 baronibuS,
1894 922 1950 965 et

208 1000 397 1069 populi
452 999 820 1062 multitudine,
871 999 1013 1050 diem
1054 1006 1120 1049 ut
1168 998 1390 1050 decebat
1437 997 1627 1048 festive
1675 997 1946 1064 transegit.

210 1083 360 1136 Inter
383 1083 479 1135 hos
504 1082 669 1152 igitur
692 1081 1019 1134 venerabiles
1044 1081 1221 1144 etiam,
1242 1089 1306 1132 ut
1328 1080 1642 1150 praedictum
1669 1088 1767 1143 est,
1797 1080 1950 1131 Hila-

213 1168 325 1220 rius
369 1166 716 1219 Cicestrensis
756 1165 1036 1234 episcopus
1080 1171 1134 1216 et
1159 1164 1433 1217 Walterus
1477 1165 1638 1215 abbas
1678 1165 1744 1215 de
1794 1163 1948 1215 Bello

210 1260 431 1322 propter
470 1249 877 1302 controversiam
917 1248 1228 1318 praedictam
1270 1247 1581 1299 libertatum
1625 1255 1680 1298 et
1723 1246 1949 1315 dignita-

201 1345 324 1388 ·tum
350 1334 691 1387 ecclesiarum
715 1351 930 1385 suarum
955 1332 1050 1385 diu
1074 1333 1216 1384 inter
1237 1332 1359 1384 illos
1382 1332 1619 1384 habitam
1646 1331 1947 1394 sedandam,

209 1420 276 1472 ab
314 1420 502 1471 eodem
535 1417 815 1487 magnifico
839 1417 1096 1486 principe,
1125 1417 1248 1468 dato
1274 1417 1349 1468 eis
1374 1416 1576 1468 ibidem
1601 1415 1687 1467 die
1706 1434 1948 1484 peremp-

201 1504 366 1568 torio,
398 1502 671 1555 convocati
696 1509 837 1553 sunt.
915 1500 1061 1556 Quia
1082 1520 1205 1552 vero
1230 1520 1329 1552 rex
1348 1501 1465 1552 aliis
1489 1499 1689 1551 ibidem
1727 1518 1949 1567 occupa-

208 1595 296 1640 tus
335 1586 565 1656 negotiis
599 1585 815 1638 illorum
857 1603 1068 1636 causam
1110 1593 1237 1636 tunc
1282 1584 1631 1636 determinare
1680 1583 1944 1651 nequivit,

207 1671 493 1723 terminum
511 1669 587 1721 eis
607 1670 750 1739 apud
768 1668 1139 1721 Colecestriam
1158 1668 1411 1737 praefixit,
1431 1667 1557 1736 quia
1575 1667 1703 1718 illuc
1723 1686 1753 1718 a
1768 1676 1948 1718 sancto

209 1754 496 1806 Edmundo
538 1755 788 1806 recedens
826 1761 1082 1804 venturus
1122 1760 1251 1805 erat.
1336 1752 1443 1803 Die
1487 1751 1521 1802 J
1523 1751 1645 1803 ovis,
1679 1751 1946 1820 proximo,

201 1857 391 1891 vomnes
439 1838 641 1890 ibidem
691 1845 746 1889 et
796 1837 956 1888 etiam
1004 1855 1226 1887 numero
1274 1835 1454 1904 plures
1500 1834 1805 1886 adveniunt.
1882 1834 1949 1885 In

207 1922 512 1987 crastinum,
541 1922 626 1973 die
652 1921 854 1975 scilicet
877 1921 1122 1984 VeneriS,
1150 1920 1311 1971 abbas
1337 1938 1458 1971 cum
1475 1919 1709 1970 Ricardo
1728 1919 1792 1969 de
1812 1918 1947 1969 Luci

207 2006 368 2058 fratre
397 2024 494 2057 suo
519 2024 698 2074 regem
739 2005 888 2068 adiit,
918 2006 1209 2074 jussusque
1235 2022 1267 2054 a
1290 2021 1413 2071 rege
1439 2003 1493 2053 in
1522 2002 1816 2070 capitulum
1839 2021 1950 2053 mo-

206 2090 494 2141 nachorum
542 2089 742 2141 ibidem
800 2087 920 2139 Deo
981 2087 1324 2139 servientium
1372 2086 1603 2148 secessit,
1659 2094 1947 2154 expectans

197 2174 322 2243 vejus
347 2173 648 2225 adventum.
703 2171 831 2223 Rex
855 2189 979 2223 vero
1004 2171 1162 2222 missa
1187 2170 1371 2221 audita
1396 2169 1690 2238 capitulum
1710 2169 1944 2231 intravit,

206 2257 524 2327 praecipiens
562 2264 626 2308 ut
668 2256 849 2307 nullus
889 2255 993 2306 nisi
1037 2273 1197 2323 quem
1237 2254 1351 2323 ipse
1377 2261 1588 2305 vocaret
1623 2272 1692 2304 ex
1732 2253 1946 2304 nomine

206 2341 588 2410 ingrederetur.
663 2339 876 2391 Accivit
917 2339 1100 2406 itaque
1127 2338 1385 2389 Thomam
1411 2336 1820 2398 cancellarium,¹
1861 2355 1947 2387 co-

205 2425 389 2476 mitem
413 2423 767 2492 Legacestriae
783 2431 803 2459 2
828 2423 1174 2483 Rotbertum,
1201 2420 1492 2472 Ricardum
1518 2420 1581 2470 de
1610 2419 1825 2470 Humez
1852 2419 1947 2470 tri-

205 2509 429 2571 bunum,
481 2508 772 2560 Ricardum
833 2506 898 2557 de
949 2504 1103 2567 Luci,
1154 2503 1438 2554 Warinum
1486 2502 1657 2553 filium
1702 2502 1944 2566 Geroldi,

207 2591 528 2643 Nicholaum
548 2591 612 2642 de
640 2589 846 2658 Sigillo.
923 2587 1102 2639 Affuit
1127 2605 1247 2638 cum
1273 2587 1347 2637 eis
1376 2586 1590 2654 quidam
1618 2586 1676 2638 in
1700 2594 1811 2637 arte
1835 2605 1947 2637 me-

200 2675 400 2727 -dicinae
442 2673 648 2743 peritus
675 2672 946 2725 Radulfus
986 2671 1219 2723 nomine.
1296 2669 1476 2722 Affuit
1503 2678 1557 2721 et
1583 2669 1852 2721 Henricus
1879 2671 1944 2722 de

208 2755 462 2810 Essexia³
497 2757 635 2825 regis
678 2756 945 2820 tribunus,
977 2756 1089 2824 jam
1132 2762 1255 2806 ante
1292 2773 1323 2805 a
1363 2773 1486 2821 rege
1527 2754 1593 2804 ad
1615 2754 1861 2805 abbatem
1886 2754 1943 2805 in

207 2842 501 2911 capitulum
524 2841 732 2893 missus.
823 2839 1146 2909 Supervenit
1171 2839 1331 2889 etiam
1354 2838 1517 2889 frater
1543 2838 1780 2907 ejusdem
1804 2838 1943 2905 regis

200 2927 383 2996 Junior
406 2925 713 2977 Willelmus
746 2923 978 2987 nomine,
1006 2931 1061 2974 et
1086 2942 1206 2975 cum
1231 2922 1348 2974 aliis
1366 2924 1529 2991 juxta
1552 2922 1704 2972 illum
1729 2922 1940 2972 resedit.

279 3010 382 3063 His
421 3010 604 3079 itaque
643 3009 721 3061 ibi
765 3027 885 3060 cum
925 3007 1138 3059 domino
1174 3026 1296 3075 rege
1339 3005 1711 3068 residentibus,
1751 3005 1941 3055 abbate

1969 2359 2044 2392 The
2059 2362 2165 2391 court.

1965 3017 2111 3050 Richard
2126 3017 2168 3050 de

1965 3059 2049 3091 Luci
2063 3069 2169 3100 opens

207 3094 365 3146 etiam
397 3113 518 3146 cum
556 3093 728 3144 tribus
761 3091 1030 3143 monachis
1073 3090 1181 3141 suis
1226 3089 1547 3151 considente,
1580 3087 1842 3138 Ricardus
1875 3088 1939 3138 de
1963 3101 2021 3133 the
2036 3110 2134 3134 casea

205 3176 341 3230 Luci
364 3178 440 3230 ita
464 3195 686 3230 exorsus
712 3184 821 3228 est:
871 3179 906 3203 “
934 3174 1165 3226 Domine
1194 3173 1268 3224 mi
1293 3190 1409 3236 rex,
1436 3179 1609 3223 vestra
1634 3189 1939 3223 summonu-

263 3346 275 3370 ¹
298 3346 484 3389 Thomas
503 3346 529 3389 a
549 3347 725 3389 Becket.
1108 3357 1186 3385 sex
1206 3342 1266 3384 let
1287 3342 1360 3384 fall
1390 3341 1461 3383 the
1491 3341 1644 3396 King’s
1674 3340 1873 3383 standard
1894 3342 1937 3383 in

261 3402 279 3428 ²
296 3403 454 3446 Robert
472 3404 513 3446 le
530 3404 683 3455 Bossu,
699 3401 852 3446 second
873 3400 969 3444 Earl
986 3402 1028 3443 01
1110 3400 1174 3442 his
1192 3414 1276 3441 war
1296 3398 1459 3454 against
1479 3398 1552 3440 the
1567 3398 1718 3440 Welsh
1736 3414 1747 3450 3
1778 3398 1873 3452 and,
1891 3400 1935 3441 in

206 3458 296 3502 that
316 3475 439 3503 name
458 3476 470 3514 ;
499 3461 566 3503 his
587 3476 663 3503 son
679 3475 763 3503 was
787 3458 1026 3502 afterwards
1113 3460 1235 3510 1163,
1263 3457 1390 3512 being
1417 3455 1597 3498 accused
1632 3456 1680 3497 of
1702 3456 1933 3498 cowardice

207 3516 331 3559 taken
355 3519 540 3574 prisoner
566 3519 623 3574 by
656 3518 740 3560 this
771 3516 954 3559 Richard
977 3515 1027 3557 de
1109 3515 1166 3570 by
1205 3514 1272 3555 his
1313 3528 1412 3555 near
1451 3513 1659 3567 kinsman,
1693 3513 1851 3555 Robert
1881 3514 1932 3556 de

209 3572 312 3616 Luci
330 3575 374 3616 in
392 3575 464 3617 the
484 3575 686 3618 rebellion
707 3575 754 3617 of
771 3575 897 3617 1173.
1111 3571 1328 3624 Montfort‚
1347 3570 1428 3612 and
1443 3570 1588 3626 failing
1603 3571 1645 3611 in
1660 3569 1731 3612 the
1747 3570 1857 3624 duel,
1878 3571 1932 3613 he

268 3630 285 3655 ³
315 3631 418 3675 This
440 3647 553 3676 same
576 3647 672 3689 year
706 3633 854 3687 Henry
876 3631 925 3673 dc
950 3631 1028 3673 Es-
1112 3629 1284 3671 became
1305 3643 1329 3670 a
1350 3627 1478 3670 monk
1499 3635 1543 3669 at
1564 3627 1766 3683 Rcading.
