2398 4152
498 454 602 503 142
993 466 1274 506 HISTORIA
1316 465 1730 508 FUNDATIONIS

493 589 655 640 debet
679 588 825 657 apud
850 589 1091 658 ejusdem
1117 589 1356 643 ecclesiae
1383 590 1574 643 fratres
1615 609 1728 642 esse
1759 591 2036 654 celebrior,
2079 611 2249 661 quan-

491 681 548 723 to
574 673 642 724 ad
668 691 853 724 eorum
879 674 1104 724 tuendas
1129 674 1406 726 libertates
1432 676 1729 728 dinoscitur
1758 676 1924 728 fuisse
1950 677 2246 729 sollicitior.

490 756 626 808 Erat
652 746 870 826 quidem
896 759 1024 809 dum
1051 759 1353 810 cancellarii
1378 759 1697 828 fungeretur
1721 761 1896 813 officio
1921 761 2063 813 inter
2089 780 2249 830 quos-

488 841 625 893 libet
666 850 789 911 post
815 842 1091 894 dominum
1124 861 1306 910 regem
1332 844 1633 897 nominatos
1658 845 1717 897 in
1739 864 1905 914 regno
1934 846 2247 897 nominatis-

488 926 670 989 simus,
720 926 862 978 inter
925 926 1197 995 quoslibet
1244 929 1577 996 potentiores
1624 929 2050 998 potentissimus,
2101 930 2246 982 inter

487 1011 758 1080 quoslibet
819 1011 960 1080 regis
1024 1011 1311 1063 familiares
1374 1013 1836 1066 familiarissimus.
1932 1013 2248 1067 Procuravit

484 1096 669 1165 itaque
705 1115 804 1148 rex
844 1096 990 1148 omni
1035 1115 1158 1148 cum
1191 1097 1450 1149 instantia
1476 1099 1730 1167 quatinus
1757 1099 2244 1169 archiepiscopatus

487 1180 888 1238 Cantuariensis
930 1182 1136 1251 apicem
1179 1192 1614 1251 consequeretur,
1660 1185 1814 1254 cujus
1840 1184 2072 1253 dignitas
2097 1185 2243 1235 inter

484 1266 869 1318 ecclesiasticos
893 1267 1121 1318 honores
1146 1267 1319 1336 prima
1342 1267 1400 1318 in
1424 1287 1590 1337 regno
1618 1287 1730 1320 esse
1759 1269 2072 1321 dinoscitur.
2130 1269 2242 1320 Pu-

482 1351 634 1403 tabat
673 1370 906 1420 namque
955 1371 1080 1403 eum
1125 1370 1197 1403 ex
1239 1353 1463 1421 antiqua
1501 1353 1865 1405 familiaritate
1906 1354 1967 1406 in
1993 1354 2243 1406 omnibus

485 1454 609 1503 quae
659 1436 823 1487 vellet
871 1455 1145 1488 assensum
1191 1438 1567 1506 praebiturum,
1606 1458 1705 1490 nec
1745 1439 1849 1491 sibi
1876 1439 2061 1508 quavis
2095 1458 2243 1491 occa-

483 1519 632 1571 sione
680 1520 738 1571 in
778 1520 961 1589 aliquo
1003 1522 1475 1574 contradicturum.
1550 1522 1759 1575 Verum
1800 1542 1864 1576 eo
1890 1523 2020 1575 talia
2042 1543 2241 1594 propo-

481 1613 662 1668 nente,
703 1604 856 1657 Deus
899 1606 1057 1674 longe
1101 1606 1256 1658 aliter
1296 1607 1545 1676 dignatus
1571 1616 1653 1659 est
1679 1608 1977 1678 disponere.
2053 1607 2242 1678 Adep-

483 1697 572 1741 tus
626 1689 893 1757 siquidem
944 1698 1109 1742 tantae
1178 1691 1456 1760 dignitatis
1520 1693 1726 1762 apicem
1790 1693 1871 1745 vir
1921 1692 2240 1746 venerabilis

484 1773 736 1837 Thomas,
774 1775 898 1845 plus
926 1775 1198 1844 cogitabat
1222 1776 1287 1828 de
1315 1796 1475 1829 onere
1498 1796 1659 1846 quam
1683 1779 1749 1830 de
1774 1778 1994 1841 honore,
2021 1778 2146 1847 plus
2171 1778 2239 1830 de

481 1878 625 1911 curae
674 1860 955 1929 pastoralis
996 1861 1274 1930 gravitate,
1296 1866 1478 1930 >quam
1523 1863 1587 1914 de
1629 1862 1909 1933 temporali
1954 1862 2236 1932 dignitate.

481 1944 731 1996 Honores
771 1945 829 1996 in
873 1964 936 1997 eo
977 1946 1271 1997 secundum
1310 1947 1533 2016 vulgare
1572 1948 1916 2017 proverbium
1957 1948 2240 1999 mutabant

478 2047 669 2092 moreS,
719 2048 829 2081 non
862 2037 926 2081 ut
962 2029 1075 2081 fere
1103 2030 1342 2082 omnium
1367 2049 1482 2082 mos
1518 2039 1615 2095 est,
1650 2032 1708 2083 in
1734 2031 1988 2095 deteriUS,
2027 2032 2119 2083 sed
2142 2050 2240 2101 per

479 2113 717 2182 singulos
762 2114 875 2165 dies
917 2114 975 2165 in
1018 2114 1229 2167 melius.
1305 2115 1563 2168 Veterem
1590 2135 1820 2185 namque
1840 2115 2113 2168 hominem
2139 2115 2235 2184 qui
2342 2179 2347 2189 ¹

478 2199 773 2250 secundum
816 2198 1055 2250 seculum
1090 2207 1204 2250 erat
1239 2218 1462 2264 exuens,
1503 2220 1700 2252 novum
1734 2200 2007 2252 hominem
2035 2200 2130 2269 qui
2156 2219 2237 2252 se·
2266 2227 2273 2230 s
2336 2195 2346 2245 ἶ

477 2283 715 2334 cundum
759 2283 941 2334 Deum
982 2292 1192 2335 creatus
1239 2293 1337 2348 est,
1392 2286 1666 2353 satagebat
1720 2285 1962 2337 induere.
2343 2274 2347 2286 ¹

205 2363 425 2446 ξξξξῶζξὶο
550 2366 734 2436 Coepit
759 2367 963 2419 interea
987 2387 1087 2419 rex
1108 2368 1244 2420 velle
1272 2369 1573 2438 opprimere
1601 2369 1887 2438 dignitates
1913 2369 2232 2421 ecclesiasti-

203 2455 346 2528 gll'g'gf
362 2447 421 2478 the
475 2470 576 2513 cas,
599 2451 987 2521 archiepiscopi
1005 2460 1060 2503 et
1077 2454 1530 2522 suffraganeorum
1554 2456 1670 2523 ejus
1696 2473 1967 2506 assensum
1991 2454 2232 2524 exigens.

478 2536 954 2588 Consentientibus
976 2537 1241 2607 episcopis
1260 2557 1368 2590 non
1384 2538 1649 2590 consensit
1671 2539 2117 2609 archiepiscopu8,
2145 2540 2235 2591 de—

473 2621 738 2672 fensorem
780 2640 834 2672 se
881 2621 1142 2672 exhibens
1170 2623 1425 2687 ecclesiae,
1463 2643 1572 2675 non
1593 2624 2041 2693 impugnatorem.
2117 2623 2237 2676 Ex-

473 2705 602 2756 arsit
649 2705 817 2773 igitur
875 2706 1124 2757 adversus
1169 2725 1293 2757 eum
1321 2726 1440 2774 'rex
1490 2726 1611 2759 cum
1662 2708 1925 2777 episcopis
1976 2716 2032 2759 et
2079 2708 2234 2776 regni

473 2789 824 2858 optimatibus
849 2790 906 2840 in
927 2798 1077 2841 tanta
1100 2791 1483 2859 indignatione,
1511 2801 1575 2843 ut
1592 2794 1705 2862 jam
1730 2793 1868 2844 nihil
1895 2811 2008 2844 esse
2027 2792 2235 2844 videre-

472 2882 561 2924 tur
601 2875 822 2942 antiqua
861 2874 1093 2938 dilectio,
1135 2877 1381 2945 concepti
1425 2877 1563 2928 circa
1605 2878 1782 2946 ipsum
1823 2877 1932 2928 odii
1958 2895 2230 2946 compara-

471 2958 634 3012 tione.
714 2959 881 3011 Stetit
928 2958 1278 3010 nihilominus
1328 2968 1507 3011 tamen
1552 2960 1665 3029 ipse
1707 2979 1805 3030 pro
1843 2960 2084 3025 ecclesia,
2135 2962 2230 3013 sed

471 3043 631 3096 solus,
732 3042 1159 3095 Adversantibus
1209 3044 1310 3096 sibi
1361 3045 1569 3096 cunctis
1631 3065 1754 3096 cum
1819 3065 1978 3098 nemo
2047 3065 2228 3097 secum

470 3136 667 3196 ageret,
713 3128 964 3197 solusque
1006 3147 1165 3197 agens
1206 3147 1395 3198 parum
1425 3138 1519 3181 aut
1552 3130 1689 3181 nihil
1713 3130 2015 3198 proficeret,
2043 3131 2230 3182 videns

468 3213 722 3281 periculis
771 3213 1009 3282 pericula
1059 3214 1360 3278 succedere,
1430 3215 1594 3283 elegit
1640 3214 1823 3284 potius
1874 3224 2229 3284 spontaneum

468 3297 646 3348 subire
697 3297 942 3360 exilium,
991 3317 1152 3366 quam
1197 3298 1475 3366 dignitatis
1518 3299 1892 3351 ecclesiasticae
1941 3300 2227 3368 praesenti-

465 3381 621 3432 aliter
645 3382 825 3434 videre
851 3383 1208 3452 dispendium.
1287 3383 1634 3435 Transferens
1676 3384 1859 3452 itaque
1898 3384 2133 3452 seipsum
2159 3385 2224 3436 de

466 3466 643 3517 medio
684 3466 1007 3535 iniquitatiS,
1048 3467 1376 3519 Francorum
1402 3482 1629 3536 regnum
1655 3467 1804 3531 adiit,
1849 3487 2037 3537 pacem
2076 3488 2226 3537 quae-

465 3568 586 3600 rens
625 3551 682 3600 in
719 3551 831 3602 solo
858 3551 1050 3615 alieno,
1092 3570 1253 3620 quam
1278 3571 1387 3603 non
1412 3552 1646 3604 habebat
1671 3553 1727 3603 in
1756 3553 1990 3621 proprio.
2068 3552 2224 3605 Exu-

464 3632 609 3684 labat
661 3653 783 3703 ergo
849 3654 1053 3705 pauper
1118 3644 1173 3687 et
1232 3655 1432 3703 egenus
1468 3656 1659 3710 *rerum
1709 3656 1768 3688 ac
1829 3637 2224 3705 possessionum
