2398 4152
40 1012 57 1028 ν’,
45 935 53 944 =
39 879 57 897 μ’
40 819 59 858 Α·’
40 729 66 783 '1²⁸²
43 626 58 706 ⁴:*·'’v.·
49 595 51 597 .
44 567 57 577 χ
40 499 54 530 ἢ.
42 423 61 482 ι,Ῑ-νὲ
58 374 59 377 „
47 253 50 258 ,

50 876 82 1030 ’W-
43 778 78 859 :J-ffhb
60 724 82 762 ¹2⁴2:
59 668 77 703 im»
63 618 81 659 ψ’.
63 538 82 584 ·-.⁴}
61 478 67 518 “
69 448 76 455 κ
66 427 67 431 Α
61 362 79 399 ’ψῖ
75 300 82 309 ,.

80 918 89 934 ,ἱ
81 749 83 751 .
84 695 85 698 Α
81 496 91 541 ,2
81 419 87 462 „--
79 351 95 391 ⁴⁴„
87 300 94 309 ἱ

148 102 154 107 1
144 74 155 87 ιι

181 58 194 90 ω-

202 70 206 71 =
196 35 211 50 «ι

220 43 238 58 ,ἶ
218 4 240 30 ἶ)

239 37 251 62 J-v
239 2 249 19 w.

39 1038 84 1406 *mmmm-2⁴2·-

36 1576 83 1819 sssszssssfttssffl'ssv'-
46 1423 86 1561 :a

55 1956 70 1987 ζ.
52 1898 70 1942 εμπ
45 1814 75 1886 ’,αἰξί-ὀ

691 390 1059 431 MONASTERII
1103 390 1182 430 DE
1226 389 1434 430 BELLo.
1818 377 1917 428 179

191 520 463 579 perpetuae
496 512 594 564 sub
618 513 872 581 pensione
907 532 994 565 xv.
1032 531 1323 564 marcarum
1365 513 1683 563 monasterio
1719 529 1916 563 annua-

190 593 286 644 tim
319 594 566 646 solvenda
594 595 904 664 possideret.
976 595 1054 647 Et
1079 595 1345 663 quoniam,
1375 603 1436 646 ut
1470 595 1787 664 praedictum
1817 604 1914 656 est,

190 674 517 729 Godefridus
538 685 665 730 tunc
691 679 943 747 temporis
966 679 1023 730 in
1048 678 1406 730 transmarinis
1442 697 1641 729 moram
1667 678 1915 741 faciebat,

185 759 242 810 in
275 760 452 812 reditu
477 779 572 812 suo
605 762 672 812 ad
696 761 1072 813 monasterium
1099 761 1238 812 Belli
1262 761 1318 811 in
1342 761 1557 829 propria
1580 780 1804 829 persona
1828 780 1911 812 ac-

185 843 412 906 cederet,
438 844 787 896 instrumenta
807 846 982 896 omnia
1007 862 1129 913 quae
1153 845 1238 897 vel
1261 845 1398 912 regis
1422 845 1508 895 vel
1532 845 1912 914 archiepiscopi

182 926 394 977 nomine
434 945 592 996 super
632 928 856 997 praefata
887 928 1107 980 ecclesia
1144 929 1341 979 habere
1377 928 1674 991 videbatur,
1706 948 1911 980 monas-

182 1009 316 1061 terio
362 1011 670 1080 resignaret,
713 1010 1213 1080 munimentumque
1261 1029 1357 1079 per
1406 1011 1552 1078 quod
1595 1011 1909 1079 compositio

180 1092 476 1146 firmaretur
498 1113 529 1145 a
569 1095 681 1146 solo
713 1094 1030 1146 monasterio
1062 1095 1338 1162 reciperet.
1414 1094 1481 1145 In
1512 1094 1653 1145 hunc
1692 1094 1907 1144 modum

178 1175 403 1228 formata
437 1186 493 1228 et
525 1177 648 1229 hinc
681 1178 805 1228 inde
838 1178 1129 1246 approbata
1159 1176 1558 1245 compositione,
1600 1177 1761 1227 abbas
1787 1176 1906 1227 Deo

178 1266 234 1310 et
270 1260 429 1311 beato
469 1260 706 1312 Martino
739 1260 933 1329 gratias
971 1278 1129 1328 agens
1168 1260 1226 1310 in
1266 1278 1360 1311 sua
1392 1259 1570 1322 rediit,
1605 1260 1717 1328 jam
1757 1267 1906 1314 tanto

175 1341 408 1406 hilarior,
437 1352 636 1410 quanto
662 1343 726 1394 de
752 1362 907 1394 causa
931 1362 1026 1394 sua
1050 1342 1298 1394 securior.
1374 1342 1741 1410 Interrogatus
1767 1343 1907 1393 inter

173 1425 546 1493 gratulandum
579 1427 623 1477 si
655 1427 767 1495 jam
795 1427 1023 1494 graviter
1054 1427 1234 1489 ferret,
1280 1426 1425 1494 quod
1470 1426 1802 1477 decretorum
1845 1445 1904 1477 ac

174 1509 351 1577 legum
411 1510 727 1562 exercitium
786 1528 895 1561 non
962 1510 1198 1572 haberet,
1262 1510 1494 1579 jocunde
1564 1510 1904 1578 respondens,

176 1592 448 1656 “Nulla,”
482 1593 678 1661 inquit,
720 1593 866 1644 “lex
911 1601 1020 1644 tam
1056 1594 1211 1656 bona,
1262 1593 1470 1644 nullum
1522 1593 1654 1643 adeo
1716 1593 1905 1643 efficax

174 1675 459 1740 decretum,
486 1684 549 1727 ut
578 1685 657 1728 est
674 1676 923 1744 psalmus,
945 1677 1203 1727 Miserere
1232 1677 1330 1727 mei
1349 1675 1545 1727 Deus.”
1621 1675 1757 1726 Haec
1783 1676 1904 1726 ideo

173 1758 424 1810 duximus
470 1759 764 1822 inserenda,
815 1768 878 1811 ut
924 1759 1133 1828 liquido
1177 1760 1333 1811 detur
1381 1759 1609 1826 intelligi
1650 1768 1901 1827 quantam

170 1840 415 1893 habuerit
459 1842 515 1893 in
565 1842 800 1893 oratione
844 1842 1193 1905 devotionem,
1246 1843 1339 1910 qui
1382 1844 1493 1910 jam
1543 1843 1799 1894 didicerat
1846 1844 1902 1894 in

170 1942 325 1976 causa
367 1944 461 1976 sua
496 1925 661 1993 magis
693 1926 933 1977 obtinere
969 1926 1088 1977 fusa
1122 1927 1188 1977 ad
1220 1926 1400 1976 Deum
1435 1925 1693 1988 oratione,
1742 1945 1900 1994 quam

167 2007 394 2060 facunda
430 2009 707 2060 hominum
749 2010 1082 2077 allegatione.
1159 2009 1455 2076 Negotium
1498 2008 1599 2059 hoc
1641 2019 1903 2078 praeterea

167 2091 354 2143 iccirco
380 2092 624 2144 diffusius
658 2093 947 2156 texuimus,
976 2093 1103 2161 quia
1135 2090 1328 2144 divinae
1365 2092 1552 2143 virtuti
1587 2093 1900 2161 abbatisque

168 2175 494 2227 orationibus
550 2175 919 2227 ascribendum
977 2176 1297 2244 putavimus,
1361 2176 1506 2244 quod
1562 2195 1681 2227 cum
1740 2178 1901 2245 paulo

167 2266 288 2309 ante
326 2277 549 2326 regnum
589 2268 644 2311 et
691 2259 1041 2311 sacerdotium
1085 2266 1179 2309 aut
1228 2259 1476 2309 adversus
1521 2278 1642 2309 eum
1686 2261 1901 2328 publice

165 2349 344 2405 staret,
380 2351 475 2394 aut
512 2342 660 2393 nullo
687 2343 906 2394 consilio
930 2342 1014 2393 vel
1042 2342 1245 2393 auxilio
1276 2360 1371 2393 seu
1402 2360 1559 2410 prece
1597 2361 1690 2393 seu
1725 2344 1900 2411 pretio

164 2424 266 2477 sibi
303 2426 524 2489 adesset,
559 2426 890 2494 inopinatum
925 2433 1143 2494 repente
1185 2424 1437 2476 divinitus
1477 2424 1776 2476 intercessit
1808 2446 1896 2495 pa-

163 2508 462 2572 trocinium,
514 2527 622 2576 quo
658 2508 824 2577 partis
860 2509 1090 2560 adversae
1128 2508 1423 2559 deiceretur
1461 2507 1525 2558 de
1576 2526 1682 2576 qua
1730 2511 1894 2561 confi-

163 2591 320 2643 debat
360 2600 611 2661 potestaS,
651 2602 706 2644 et
754 2593 1126 2644 advocatorum
1174 2591 1590 2644 confunderetur
1638 2592 1898 2662 multipli-

163 2674 308 2727 citas,

233 2757 559 2809 Godefridus
603 2758 667 2809 de
701 2758 839 2809 Luci
875 2758 957 2810 his
991 2758 1232 2826 cognitis,
1279 2758 1405 2808 licet
1442 2774 1582 2825 aegre
1617 2760 1898 2828 accipiens,

161 2860 265 2894 non
305 2850 482 2893 tamen
529 2861 560 2893 a
606 2842 775 2893 forma
814 2841 1210 2910 compositionis
1237 2841 1451 2892 resilire
1493 2842 1802 2908 praevalens,
1844 2844 1899 2894 in

158 2926 334 2977 reditu
382 2945 477 2977 suo
500 2945 532 2977 a
568 2925 924 2976 transmarinis
973 2925 1350 2976 monasterium
1394 2924 1534 2974 Belli
1582 2925 1638 2974 in
1684 2927 1898 2994 propria

158 3027 378 3077 persona
425 3010 572 3072 adiit,
622 3009 1007 3078 resignatisque
1058 3009 1304 3060 omnibus
1353 3008 1721 3058 instrumentis
1768 3010 1894 3072 suis,

157 3101 348 3144 cartam
371 3092 782 3145 confirmationis
803 3093 1094 3143 secundum
1119 3092 1342 3142 formam
1369 3091 1705 3158 paescriptam
1732 3092 1798 3142 ab
1815 3097 1830 3125 1

140 3187 143 3190 ’
161 3178 191 3209 ΰΙέ
406 3180 436 3211 ὲκ·
654 3177 685 3208 ÷1÷
904 3177 934 3207 ἦε
1151 3175 1181 3206 916
1400 3175 1431 3205 ³}
1650 3175 1679 3205 ἦε

568 3326 578 3348 ¹
614 3325 704 3366 The
727 3325 820 3368 MS.
843 3325 891 3378 is,
913 3323 1241 3380 unfortunately,
1261 3322 1479 3366 defective.

1625 3664 1711 3702 ΝΞ
