2398 4152
647 481 1010 523 MONASTERII
1053 481 1131 521 DE
1168 480 1369 521 BELLO.
1814 466 1877 514 ll

159 604 291 672 feld]
333 604 495 656 habet
520 623 615 656 sex
638 604 879 672 virgatas.
956 603 1022 654 In
1063 602 1384 653 Peneherste
1426 600 1588 652 habet
1613 599 1884 651 dimidiam

154 688 345 739 hidam.
425 687 492 739 In
534 687 664 739 Hou
701 687 864 738 habet
898 686 1168 737 dimidiam
1206 685 1400 736 hidam.
1477 682 1541 734 In
1581 682 1884 733 Philesham

155 768 316 818 habet
339 786 499 821 unam
512 768 782 834 virgatam.
859 767 925 818 In
953 766 1306 817 Catoesfelde1
1332 765 1494 815 habet
1518 772 1624 815 tres
1639 763 1882 831 virgatas.

159 850 223 901 In
254 851 549 902 Bulintune
587 850 750 902 habet
792 851 920 901 duas
958 849 1125 911 hidas,
1166 867 1272 899 una
1304 848 1504 915 virgata
1539 846 1730 898 minus.
1819 845 1885 896 In

158 933 437 985 Croherste
456 934 617 985 habet
642 952 802 984 unam
825 933 1094 1000 virgatam.
1170 930 1237 981 In
1253 928 1529 997 Wiltinges
1541 929 1703 980 habet
1726 947 1886 980 unam

157 1017 428 1085 virgatam.
503 1017 570 1068 In
596 1016 894 1067 Holintune
920 1015 1083 1065 habet
1106 1032 1266 1065 unam
1289 1013 1586 1079 virgatam.2

231 1100 478 1152 Summa:
521 1099 633 1151 Sex
657 1099 827 1150 hidae³
855 1106 911 1149 et
935 1096 1151 1161 dimidia
1173 1096 1390 1163 virgata.

229 1184 427 1235 Omnes
451 1184 568 1234 istae
594 1192 750 1235 terrae
776 1190 901 1233 sunt
923 1180 1064 1231 infra
1087 1180 1295 1247 leugam
1321 1178 1458 1229 sicut
1483 1177 1685 1228 dictum
1709 1185 1805 1240 est,
1833 1186 1888 1228 et

161 1268 225 1319 de
263 1267 345 1319 his
382 1267 536 1318 terris
579 1264 868 1335 composita
906 1273 986 1316 est
1022 1264 1137 1332 ipsa
1173 1263 1345 1330 leuga,
1373 1279 1533 1328 quam
1567 1260 1787 1311 ecclesia
1823 1262 1887 1311 de

161 1351 313 1403 Bello
360 1352 613 1420 possidet,
665 1369 825 1420 quam
867 1349 1029 1400 etiam
1078 1366 1177 1399 rex
1214 1346 1520 1398 Willelmus
1571 1345 1791 1396 liberam
1836 1354 1890 1395 et

161 1436 396 1505 quietam
438 1436 503 1487 ab
535 1435 679 1486 omni
716 1433 1098 1486 consuetudine
1139 1440 1362 1482 terrenae
1400 1429 1686 1491 servitutis,
1732 1436 1787 1479 et
1822 1430 1888 1479 ab

161 1520 304 1572 omni
352 1519 680 1588 subjectione
730 1518 1114 1587 episcoporum,
1154 1525 1208 1566 et
1252 1514 1483 1565 maxime
1523 1513 1890 1581 episcoporum

164 1603 450 1667 Cicestriae,
486 1621 582 1656 seu
619 1602 842 1654 aliarum
881 1598 1241 1669 quarumlibet
1277 1615 1620 1665 personarum
1657 1596 1891 1646 domina-

162 1686 308 1738 tione
349 1694 404 1737 et
454 1685 790 1755 oppressione
833 1684 917 1735 vel
969 1682 1265 1743 exactione,
1308 1681 1446 1731 sicut
1484 1698 1643 1748 supra
1691 1680 1891 1730 dictum

165 1778 262 1832 est,
289 1770 436 1832 fecit,
463 1777 518 1820 et
543 1776 685 1820 carta
709 1786 804 1818 sua
823 1766 1165 1818 confirmavit.

235 1853 372 1905 Octo
396 1853 579 1921 itaque
603 1852 821 1919 virgatae
861 1868 1022 1901 unam
1047 1849 1223 1900 hidam
1259 1847 1504 1898 faciunt.4
1566 1847 1745 1898 Wista
1767 1866 1892 1898 vero

165 1946 394 2007 quatuor
426 1936 643 2004 virgatis
682 1943 901 1986 constat.
986 1933 1170 1999 Leuga
1213 1939 1391 1982 autem
1432 1930 1657 1998 Anglica
1696 1931 1894 1982 duode-

165 2022 267 2074 cim
310 2019 669 2089 quarenteinis
710 2017 1001 2069 conficitur.
1100 2015 1464 2068 Quarenteina
1504 2032 1627 2064 vero
1673 2015 1895 2081 quadra-

163 2104 312 2173 ginta
334 2102 567 2172 perticiS.
643 2101 852 2153 Pertica
874 2093 1035 2150 habet
1064 2097 1412 2165 longitudinis
1451 2097 1680 2148 sedecim
1716 2098 1893 2165 pedes.

167 2188 307 2239 Aera
340 2188 503 2238 habet
537 2186 594 2236 in
637 2184 970 2254 longitudine
1010 2181 1358 2250 quadraginta
1396 2180 1640 2248 perticas,
1669 2189 1723 2231 et
1767 2200 1896 2249 qua-

70 2282 72 2285 ’
166 2279 286 2323 tuor
310 2271 367 2321 in
390 2269 688 2321 latitudine.
765 2267 929 2322 Quod
970 2266 1014 2316 si
1054 2264 1302 2316 habuerit
1339 2263 1530 2330 viginti
1572 2263 1629 2313 in
1666 2264 1899 2332 longitu-

169 2355 309 2417 dine,
335 2353 554 2405 habebit
578 2361 696 2405 octo
719 2353 776 2403 in
799 2350 1100 2413 latitudine,
1130 2358 1184 2399 et
1211 2349 1283 2399 sic
1307 2367 1401 2416 per
1424 2347 1646 2415 reliqua.

240 2436 324 2487 De
366 2437 495 2488 foris
534 2436 859 2488 Bodeherste
903 2435 970 2485 ad
995 2434 1254 2484 orientem
1291 2440 1372 2482 est
1411 2431 1667 2481 terminus
1704 2431 1895 2498 leugae,

161 2522 558 2590 juxta.terram
600 2518 853 2571 Rotberti
896 2517 1075 2579 Bovis,
1132 2525 1186 2566 et
1252 2515 1444 2565 transit
1491 2515 1654 2582 juxta
1708 2523 1900 2565 terram

170 2603 393 2670 Rogerii
418 2602 591 2665 Moin,
617 2620 787 2669 usque
831 2601 897 2651 ad
923 2599 1236 2661 Hecilande,
1265 2607 1320 2648 et
1355 2597 1580 2648 includit
1606 2597 1900 2648 Hecilande

166 2688 327 2756 juxta
373 2694 565 2737 terram
611 2683 874 2735 Willelmi
919 2683 1019 2733 filii
1069 2681 1324 2733 Rotberti
1378 2681 1476 2731 filii
1524 2681 1790 2743 Widonis,
1847 2690 1902 2731 et

170 2778 362 2820 terram
402 2769 465 2819 de
512 2767 808 2828 Croherste,
851 2767 918 2816 ad
958 2765 1247 2815 meridiem.
1341 2763 1474 2814 Inde
1516 2763 1705 2813 transit
1740 2764 1903 2831 juxta

171 2862 364 2903 terram
387 2852 450 2902 de
479 2850 818 2911 Cattesfelde,
865 2857 920 2899 et
952 2867 1047 2916 per
1074 2847 1378 2898 Puchehole
1418 2865 1588 2914 usque
1630 2847 1696 2897 ad
1720 2846 1902 2898 West-

169 2937 315 2998 bece,
335 2936 498 3004 juxta
535 2943 729 2985 terram
754 2934 817 2984 de
844 2931 1133 2993 Bodeham,
1160 2931 1227 2981 ad
1270 2930 1613 2981 occidentem.
1689 2930 1900 2980 Deinde

170 3018 454 3088 pertransit
478 3019 640 3087 juxta
677 3025 870 3067 terram
896 3016 959 3066 de
988 3013 1230 3065 Itintune
1264 3032 1434 3081 usque
1473 3014 1539 3064 ad
1575 3012 1896 3080 aquilonem.

228 3160 241 3191 ¹
274 3160 499 3203 Cedesfeld
519 3160 564 3202 in
582 3159 656 3202 the
678 3158 854 3214 Survey.
1069 3163 1280 3213 portame,
1314 3170 1361 3198 as
1392 3155 1567 3210 tending
1600 3162 1644 3196 to
1679 3154 1796 3196 show
1826 3153 1899 3195 the

227 3219 244 3242 ²
274 3218 399 3260 With
438 3218 511 3260 the
545 3216 770 3272 exception
805 3215 853 3256 of
885 3214 992 3255 Wa-
1072 3219 1384 3255 measurement
1399 3213 1446 3254 of
1455 3212 1555 3253 land
1572 3213 1615 3253 in
1629 3212 1893 3266 thiscounty.

173 3275 348 3331 singate‚
374 3275 614 3327 Wilminte,
636 3272 719 3315 and
748 3271 992 3326 Wiltinges‚
1075 3271 1126 3312 In
1148 3270 1408 3326 Doomsday,
1441 3270 1535 3311 four
1566 3269 1745 3324 virgatcs
1773 3268 1897 3309 make

173 3332 292 3374 these
326 3332 447 3374 lands
478 3330 685 3386 belonged
719 3336 763 3371 to
792 3329 863 3370 the
895 3328 995 3370 Earl
1073 3327 1146 3369 the
1180 3327 1307 3383 hyde.
1369 3327 1412 3368 Is
1444 3326 1478 3367 it
1507 3325 1691 3382 possible
1712 3325 1805 3367 that
1825 3325 1897 3366 the

177 3390 223 3431 of
239 3389 322 3431 Eu.
1074 3384 1210 3425 words
1244 3384 1346 3425 hida
1377 3383 1460 3425 and
1494 3383 1615 3424 wista
1648 3383 1754 3424 have
1790 3382 1897 3424 been

231 3449 248 3473 ³
278 3446 370 3488 The
389 3445 555 3503 printed
584 3443 829 3499 Doomsday
849 3441 995 3483 makes
1076 3440 1357 3497 transposed?
1425 3442 1466 3482 A
1499 3440 1608 3481 little
1644 3440 1803 3482 further
1845 3454 1898 3481 on

174 3502 246 3544 the
284 3518 379 3545 sum
418 3510 502 3545 two
539 3502 661 3544 hides
702 3501 784 3542 and
824 3515 849 3542 a
879 3499 972 3540 half
987 3512 998 3550 3
1078 3498 1150 3539 the
1171 3498 1309 3539 writer
1323 3512 1435 3554 says,
1451 3497 1541 3539 that
1562 3498 1606 3539 in
1622 3512 1737 3539 some
1758 3497 1900 3553 places

174 3560 318 3603 unless
350 3561 384 3602 it
403 3560 456 3602 be
476 3575 501 3602 a
521 3557 837 3616 typographica]
859 3571 986 3598 error.
1080 3555 1152 3596 the
1175 3554 1311 3597 words
1346 3556 1467 3597 wista
1502 3555 1585 3597 and
1627 3555 1787 3611 virgata
1828 3569 1899 3596 are

231 3618 247 3642 ⁴
279 3617 383 3660 This
410 3618 445 3659 is
473 3632 498 3659 a
516 3630 690 3673 passage
713 3615 761 3657 of
784 3621 901 3670 great
922 3613 1001 3654 im-
1084 3612 1188 3655 used
1211 3612 1545 3668 synonimously.
