2398 4152
165 1425 194 1455 A
211 1423 381 1467 composi-

162 1466 237 1498 tion
253 1468 375 1508 agreed

162 1517 221 1541 on.

157 2705 232 2738 The
248 2706 382 2746 quarrel

157 2748 313 2780 renewed
325 2761 335 2787 ς

452 440 555 492 126
960 450 1242 494 HISTORIA
1279 450 1688 492 FUNDATIONIS

447 576 619 628 forma
657 574 1077 644 compositionis,
1124 575 1379 644 quatinus
1430 575 1632 627 scilicet
1682 575 1891 628 Alanus
1939 576 2043 629 toti
2083 577 2199 646 juri

448 660 595 728 quod
618 660 676 710 in
695 659 917 711 ecclesia
938 660 1002 711 (16
1023 659 1398 711 Mendlesham
1422 679 1477 711 se
1502 659 1698 711 habere
1716 660 1988 713 fatebatur
2012 670 2202 730 sponte

445 744 779 807 renuntians,
808 751 981 795 cartas
1006 752 1325 796 memoratas
1362 744 1563 814 quibus
1603 753 1813 813 partem
1862 763 2014 796 suam
2057 745 2199 797 tueri

445 829 723 880 nitebatur
746 828 804 879 in
829 847 1017 880 manus
1054 828 1264 880 abbatis
1288 829 1601 897 resignaret.
1679 828 1851 898 Cujus
1877 830 1952 881 sic
1974 829 2200 898 gratiam

443 914 688 983 adethS,
718 912 883 965 solam
910 913 1187 965 ecclesiam
1221 913 1287 964 de
1326 903 1621 965 Brantham
1648 931 1828 981 quam,
1855 922 1919 965 ut
1941 913 2201 983 praedixi-

443 1016 580 1062 mus,
606 998 785 1050 minus
827 997 1076 1049 canonice
1107 1004 1379 1049 assecutus
1418 1005 1515 1060 est,
1544 1016 1615 1048 ex
1649 1013 1756 1063 qua
1778 997 1965 1067 pensio
1990 1017 2047 1050 x.
2074 997 2201 1050 3011-

445 1082 636 1133 dorum
675 1101 772 1151 pro
816 1081 1042 1151 antiqua
1086 1081 1474 1133 consuetudine
1515 1081 1838 1145 solvebatur,
1884 1083 1984 1134 sub
2024 1101 2202 1134 annua

441 1167 699 1235 pensione
741 1166 903 1218 unius
934 1166 1084 1218 aurei
1118 1166 1442 1218 monasterio
1479 1166 1648 1218 sancti
1679 1166 1909 1218 Martini
1944 1167 2009 1218 (16
2045 1167 2199 1219 Β6110

443 1251 711 1314 solvenda,
739 1251 954 1303 nomine
989 1251 1159 1320 ipsius
1195 1251 1503 1302 monasterii
1539 1252 1717 1320 quoad
1740 1251 1944 1304 viveret
1969 1259 2196 1317 teneret,

442 1332 605 1388 et'sic
629 1336 696 1387 lis
723 1336 895 1387 omnis
922 1343 977 1387 et
1002 1335 1360 1387 controversia
1385 1336 1804 1404 conquiesceret.

452 1460 455 1462 -
516 1421 782 1473 Omnibus
812 1421 948 1472 hanc
974 1420 1374 1489 compositionis
1398 1421 1623 1472 formam
1662 1419 2034 1489 probantibus,
2075 1439 2198 1491 par-

442 1505 697 1573 tibusque
739 1505 865 1556 hinc
906 1505 1030 1555 inde
1071 1503 1549 1567 consentientibus,
1593 1504 1706 1555 dies
1750 1504 2008 1574 locusque
2050 1507 2196 1575 apud

443 1589 786 1641 Cantuariam
811 1588 1084 1653 statuitur,
1115 1607 1223 1657 quo
1247 1607 1420 1640 coram
1443 1587 1678 1658 justiciis
1704 1588 1867 1640 abbas
1892 1589 1951 1640 in
1969 1609 2196 1659 persona

437 1675 673 1745 propria,
726 1683 781 1726 et
820 1672 1030 1725 Alanus
1075 1674 1450 1726 confirmandae
1498 1672 1900 1744 compositionis
1947 1674 2192 1727 formatae

435 1759 608 1827 gratia
647 1758 980 1811 conveniant.
1057 1758 1275 1810 Abbate
1316 1757 1402 1809 dje
1430 1766 1485 1809 et
1509 1758 1627 1809 loco
1650 1758 1991 1810 denominato
2017 1778 2191 1812 coram

427 1843 664 1913 justiciis
690 1852 997 1914 apparente,
1020 1843 1229 1896 Alanus
1251 1862 1351 1894 nec
1368 1861 1676 1912 comparens
1696 1861 1795 1895 nec
1821 1852 2191 1898 excusatorem

435 1928 688 1997 dirigens,
739 1928 979 1980 omnium
1026 1928 1233 1998 judicio
1288 1927 1665 1979 misericordiae
1694 1927 1859 1995 >regis
1906 1928 2189 1994 addicitur,

433 2014 776 2084 postmodum
823 2032 948 2066 vero
998 2013 1111 2065 dies
1156 2013 1414 2081 locusque
1458 2012 1603 2081 apud
1646 2011 1956 2064 Londonias
2000 2033 2190 2066 conve-

427 2098 629 2162 niendi,
646 2117 869 2167 remque
885 2097 1233 2150 confirmandi
1259 2098 1476 2166 utrique
1498 2097 1639 2166 parti
1658 2097 1851 2149 iterato
1868 2098 2186 2167 praefigitur.

429 2181 638 2234 Assunt
665 2183 898 2251 denique
922 2182 1048 2233 hinc
1073 2181 1198 2232 inde
1225 2182 1292 2232 ad
1318 2181 1460 2233 diem
1486 2190 1541 2232 et
1566 2181 1763 2246 locum,
1790 2182 1888 2234 ubi
1914 2183 2082 2234 totius
2106 2183 2186 2235 rei

428 2267 563 2318 serie
591 2275 646 2318 et
671 2265 1074 2336 compositionis
1098 2265 1270 2317 forma
1294 2265 1352 2315 in
1369 2264 1711 2335 justiciarum
1738 2266 1940 2317 domini
1964 2267 2106 2334 regis
2131 2276 2187 2320 et

427 2351 656 2402 aliorum
682 2350 1084 2420 quamplurium
1122 2348 1396 2401 audientia
1431 2349 1646 2418 plenius
1684 2350 1946 2418 exposita,
1976 2350 2186 2404 Alanus

429 2443 597 2487 cartas
620 2444 938 2487 memoratas
976 2434 1034 2485 in
1070 2453 1258 2486 manus
1292 2433 1500 2485 abbatis
1534 2434 1841 2502 resignavit,
1869 2434 2052 2505 sicque
2074 2454 2186 2487 car-

428 2528 538 2571 tam
563 2520 771 2572 abbatis
806 2521 871 2571 de
908 2519 1019 2571 sola
1049 2518 1271 2570 ecclesia
1301 2518 1365 2569 (16
1405 2517 1701 2569 Brantham
1733 2518 1950 2570 nomine
1976 2538 2185 2572 monas-

428 2605 554 2656 terii
578 2605 644 2656 de
672 2605 827 2656 Bello
854 2604 1085 2655 tenenda
1109 2604 1208 2654 sub
1246 2601 1503 2672 pensione
1531 2602 1690 2654 unius
1734 2602 1883 2654 aurei
1908 2605 2185 2657 annuatim

430 2689 681 2741 solvenda
724 2688 978 2757 suscepit.
1057 2688 1162 2739 His
1199 2687 1278 2739 ita
1319 2687 1501 2755 gestis,
1531 2706 1654 2739 cum
1688 2687 1813 2739 hinc
1850 2688 1974 2740 inde
2009 2689 2185 2759 sopita

430 2792 541 2826 esse
576 2781 859 2843 putaretur
900 2772 1071 2823 omnis
1107 2772 1481 2836 controversia,
1520 2781 1743 2842 repente
1791 2773 1936 2824 idem
1971 2773 2184 2826 Alanus

427 2867 684 2928 tanquam
718 2858 871 2909 litem
904 2875 1096 2908 novam
1131 2857 1384 2919 initurUS,
1413 2876 1574 2927 super
1609 2857 1884 2908 ecclesiam
1922 2858 1987 2909 de
2014 2858 2205 2911 Bran-2

425 2943 547 2995 ford
567 2948 583 2976 1
614 2962 775 3012 quam
795 2941 878 2994 sui
898 2941 1037 3011 juris
1081 2960 1193 2992 esse
1234 2941 1478 3004 asseruit,
1506 2941 1681 2992 velato
1723 2949 1902 2992 tamen
1942 2961 2182 2995 sermone

426 3047 581 3096 agere
608 3028 793 3097 coepit,
822 3027 914 3090 sic,
942 3026 999 3076 ni
1026 3025 1200 3088 fallor,
1228 3025 1449 3094 cupiens
1487 3025 1743 3094 experiri,
1772 3025 1816 3076 si
1844 3044 2005 3095 quem
2041 3026 2182 3079 sorte

426 3113 483 3164 in
526 3132 643 3164 eam
681 3112 890 3164 aditum
935 3119 1117 3179 posset
1165 3110 1421 3162 invenire.
1502 3108 1611 3161 Sed
1659 3109 1929 3161 neminem
1978 3111 2035 3162 in
2082 3111 2180 3164 hac

426 3206 578 3266 parte
619 3197 887 3249 fautorem
925 3194 1219 3257 invenienS‚
1248 3202 1452 3245 tantam
1487 3193 1655 3244 totius
1693 3193 1858 3245 curiae
1894 3194 2058 3263 regiae
2090 3197 2180 3247 ad-

424 3301 637 3334 versum
663 3300 717 3333 se
744 3281 1002 3333 excitavit
1026 3278 1466 3347 indignationem,
1488 3286 1552 3330 ut
1569 3279 1683 3348 jam
1709 3278 1948 3330 omnium
1973 3279 2180 3332 videre-

426 3375 515 3418 tur
565 3386 676 3419 esse
729 3366 1011 3428 sententia,
1064 3365 1122 3415 in
1170 3364 1322 3415 nullo
1368 3364 1650 3414 tenendam
1693 3382 1805 3415 esse
1849 3363 2011 3432 paulo
2052 3372 2177 3416 ante

422 3451 618 3503 factam
652 3450 1112 3521 compositionem,
1141 3448 1234 3499 sed
1276 3447 1542 3499 restitutis
1583 3447 1633 3498 61
1673 3447 1978 3498 memoratis
2017 3448 2176 3500 cartis

422 3536 548 3599 31113,
577 3537 643 3587 ab
680 3536 837 3588 initio
872 3536 1040 3588 totius
1075 3549 1249 3587 causae
1278 3526 1649 3601 repetendum,
1677 3531 1809 3584 etin
1834 3550 1898 3584 ea
1921 3550 2030 3583 non
2060 3533 2174 3602 jam

1145 3685 1158 3710 ¹
1191 3683 1241 3726 In
1259 3682 1439 3728 Suffolk.
