2398 4152
233 1507 394 1548 Usurped

225 1548 272 1589 by
289 1549 438 1589 Haymo,

224 1590 300 1622 lord
315 1591 353 1623 of
365 1591 424 1623 the

223 1641 356 1665 maner.

503 421 605 473 116
1007 434 1290 475 HISTORIA
1329 428 1739 475 FUNDATmNIs

497 557 734 620 lendum,
752 557 981 609 *Bellum
1006 559 1157 623 adiit,
1183 578 1343 628 super
1377 558 1791 626 transgressione
1826 557 2034 609 veniam
2067 555 2249 625 petiit,

499 660 553 692 se
588 642 666 692 nil
693 641 797 693 tale
821 643 886 693 de
919 651 1111 695 caetero
1149 633 1539 712 attempturum
1574 650 1902 693 sacramento
1928 642 1984 692 in
2010 640 2248 710 capitulo

499 725 879 776 monachorum
920 746 1096 778 coram
1132 727 1379 778 omnibus
1411 727 1655 795 praestito
1688 726 1951 795 promisit,
1991 744 2046 777 se
2088 725 2251 776 etiam

499 810 556 859 in
598 809 759 878 plena
800 812 1002 879 synodo
1043 811 1332 879 provinciae
1358 827 1469 862 suae
1510 829 1744 881 asserens
1788 810 2037 861 omnibus
2077 809 2253 878 palam

497 893 785 958 facturum,
810 895 1079 946 neminem
1104 896 1161 946 in
1188 895 1409 947 ecclesia
1434 897 1499 947 de
1528 895 1756 947 Trilawe
1781 902 1979 964 praeter
2004 892 2253 944 abbatem

499 986 554 1029 et
593 979 879 1031 monachos
923 980 987 1031 de
1030 979 1186 1031 Bello
1217 981 1310 1049 jus
1344 980 1565 1049 aliquod
1588 980 1803 1042 habere,
1831 967 1898 1030 ad
1920 974 2122 1030 nullius
2147 976 2254 1028 nisi

499 1063 564 1114 ad
601 1081 786 1114 eorum
809 1065 1281 1132 praesentationem
1308 1065 1615 1133 quempiam
1647 1064 1756 1115 illic
1788 1062 2003 1114 institui
2037 1062 2249 1113 debere.
2348 1122 2351 1127 ,

501 1146 621 1199 Hac
667 1148 971 1201 conditione
1019 1149 1228 1199 veniam
1278 1149 1534 1218 optinuit,
1582 1156 1637 1199 et
1680 1167 1752 1199 ex
1794 1147 2003 1198 abbatis
2039 1154 2094 1197 et
2127 1163 2252 1196 con·

498 1239 691 1284 ventus
735 1233 906 1301 gratia
946 1233 1004 1283 in
1047 1234 1232 1284 eadem
1276 1233 1497 1284 ecclesia
1540 1233 1864 1295 ministranS,
1891 1220 1894 1223 Δ
1918 1239 1973 1282 et
2016 1230 2252 1281 debitam

497 1317 808 1385 pensionem
843 1317 1049 1386 integre
1082 1318 1407 1387 persolvens,
1454 1318 1631 1387 quoad
1655 1317 1798 1368 vixit
1823 1323 1887 1367 ut
1913 1316 2070 1367 datur
2092 1313 2253 1366 intel-

498 1401 614 1469 ligi,
642 1401 816 1451 fidelis
840 1403 1149 1470 permansit.

575 1485 707 1537 Post
749 1487 903 1555 cujus
944 1487 1233 1550 decessum,
1262 1505 1385 1538 cum
1421 1488 1535 1556 jam
1576 1495 1831 1555 regnante
1871 1503 1994 1554 rege
2033 1483 2256 1554 pacifico

504 1567 742 1620 Henrico
783 1570 1031 1633 secundO,
1073 1571 1154 1622 vir
1187 1571 1502 1623 venerabilis
1527 1571 1690 1623 abbas
1713 1570 1991 1622 Walterus
2017 1569 2256 1621 ecclesiae

502 1653 670 1705 sancti
715 1653 943 1705 Martini
979 1655 1044 1706 de
1088 1655 1245 1707 Bello
1279 1665 1552 1725 praeesset,
1595 1656 1748 1707 miles
1787 1655 2006 1724 quidam
2041 1654 2256 1723 Haymo

503 1738 793 1790 Peccatum
838 1740 1031 1803 dictus,
1072 1741 1229 1792 fundi
1273 1742 1538 1805 dominus,
1575 1742 1667 1811 jus
1710 1748 2023 1810 patronatus
2058 1740 2115 1791 in
2143 1739 2262 1808 ipsa

499 1823 720 1875 ecclesia
758 1824 823 1875 de
868 1825 1095 1877 Trilavve
1138 1827 1438 1890 vendicans,
1482 1846 1598 1878 eam
1623 1826 1834 1878 cuidam
1879 1825 2088 1888 clerico,
2116 1823 2259 1876 Wil-
2332 1808 2350 1876 ζ’.

498 1908 659 1960 1611110
685 1908 886 1960 scilicet
911 1911 976 1962 de
999 1910 1193 1975 Orbec,
1212 1912 1404 1964 abbate
1429 1920 1485 1963 et
1510 1919 1779 1963 conventu
1805 1911 1871 1962 de
1893 1910 2049 1962 Bello
2075 1909 2258 1961 incon-
2332 1915 2341 1948 Γ
2384 1910 2388 1953 s

499 1993 655 2044 sultis
697 1994 972 2046 concessit.
1052 1994 1161 2046 Sed
1200 2014 1322 2046 cum
1359 1996 1473 2064 jam
1517 1996 1766 2047 omnibus
1802 2002 2067 2047 constaret
2100 2011 2255 2045 omne

490 2078 582 2146 jus
621 2077 791 2147 ipsius
827 2078 1067 2130 ecclesiae
1104 2079 1170 2130 ad
1195 2080 1444 2131 abbatem
1470 2088 1526 2131 et
1548 2080 1833 2131 monachos
1864 2080 1929 2131 de
1951 2078 2108 2130 Bello
2132 2097 2254 2147 per-

497 2162 687 2226 tinere,
735 2162 905 2213 sciens
940 2163 1083 2214 idem
1117 2162 1271 2214 miles
1310 2163 1600 2233 praefatum
1634 2164 1888 2216 clericum
1930 2164 1997 2215 ad
2021 2179 2255 2232 praesen-

496 2248 756 2299 tationem
786 2266 937 2299 suam
963 2256 1120 2299 extra
1146 2249 1525 2300 conscientiam
1551 2250 1759 2300 abbatis
1786 2257 1841 2300 et
1874 2247 2256 2300 monachorum

494 2351 591 2401 per
642 2333 952 2401 episcopum
991 2351 1101 2383 non
1143 2332 1300 2384 facile
1346 2333 1754 2398 instituendum,
1807 2353 1836 2384 a
1878 2333 2094 2385 domino
2128 2351 2253 2401 rege

494 2417 702 2468 litteras
763 2417 1017 2485 quasdam
1075 2418 1167 2468 ad¹
1204 2417 1515 2487 episcopum
1567 2418 1966 2470 Norwicensem
2032 2417 2256 2468 subdole
2330 2395 2339 2423 ⁵
2377 2393 2381 2418 ι’

495 2502 818 2571 impetravit,
863 2510 927 2552 ut
964 2502 1263 2553 antefatum
1297 2502 1547 2554 clericum
1584 2503 1651 2554 ad
1685 2503 1854 2572 ipsius
1880 2511 2136 2571 tanquam
2160 2501 2255 2553 do-

495 2586 628 2636 mini
654 2586 811 2637 fundi
852 2587 1325 2655 praesentationem
1365 2587 1691 2639 institueret.
1772 2587 1936 2642 Quod
1970 2595 2026 2638 et
2049 2587 2253 2638 factum
2329 2621 2336 2625 «
2374 2563 2381 2627 ,Ἴ

497 2679 594 2722 est.
675 2670 859 2722 Sciens
900 2690 1024 2722 vero
1066 2671 1290 2722 clericus
1331 2691 1385 2723 se
1425 2673 1604 2723 minus
1630 2673 1880 2724 canonice
1919 2672 2250 2736 institutum,

498 2764 553 2806 et
592 2755 648 2805 in
688 2754 937 2806 futurum
981 2772 1302 2824 praecavens,
1349 2758 1599 2808 abbatem
1644 2757 1709 2807 de
1753 2757 1909 2808 Bello
1950 2755 2254 2808 Walterum

498 2839 647 2901 adiit,
687 2839 983 2907 multisque
1016 2841 1268 2909 precibus
1305 2849 1359 2891 et
1395 2842 1777 2909 obsequiorum
1812 2839 2255 2910 promissionibus

497 2942 652 2991 agere
678 2923 865 2992 coepit,
894 2942 1002 2992 quo
1027 2942 1123 2992 per
1149 2942 1274 2974 eum
1298 2925 1356 2975 in
1382 2926 1565 2976 eadem
1589 2925 1810 2976 ecclesia
1836 2925 2254 2988 confirmaretur,

498 3027 594 3059 nec
619 3017 798 3059 tamen
830 3008 1083 3076 optinuit.
1162 3007 1347 3060 Abbas
1378 3009 1562 3076 itaque
1598 3028 1706 3060 non
1735 3010 1848 3079 jam
1883 3009 2258 3077 aequanimiter

498 3092 767 3143 sustinens
793 3092 1123 3143 commissam
1168 3093 1270 3144 sibi
1311 3093 1584 3144 ecclesiam
1620 3094 1743 3163 jure
1775 3113 1871 3144 suo
1916 3093 2256 3161 aliquatenus

495 3177 711 3246 privari,
753 3195 895 3227 nunc
940 3195 970 3227 a
1008 3177 1171 3245 regia,
1214 3196 1355 3229 nunc
1383 3178 1448 3228 ab
1477 3177 1831 3229 ecclesiastica
1857 3178 2004 3229 curia
2022 3178 2253 3249 justitiae
2374 3211 2375 3216 =

495 3261 892 3331 plenitudinem
933 3261 1035 3312 sibi
1073 3262 1235 3330 petiit
1269 3263 1533 3326 exhiberi,
1573 3262 1698 3314 hinc
1735 3282 1895 3332 super
1930 3262 2118 3314 militis
2143 3263 2256 3315 vio·
2327 3250 2338 3321 ³52
2363 3255 2375 3291 ³¹

495 3347 663 3398 lentia
707 3363 1056 3414 conquerenS,
1109 3346 1234 3397 inde
1285 3365 1446 3415 super
1497 3346 1676 3397 clerici
1726 3347 2043 3398 intrusione.
2131 3346 2254 3399 Ali·
2327 3333 2370 3385 ‘⁷-

500 3439 701 3500 quanto
726 3438 966 3498 tempore
1002 3449 1098 3499 per
1134 3430 1584 3483 dissimulationes
1619 3438 1674 3482 et
1713 3430 2049 3499 subterfugia
2085 3432 2254 3500 partis
2329 3419 2370 3487 {ss

497 3516 730 3567 adversae
763 3514 961 3566 frustra
991 3523 1325 3583 consumpto,
1369 3534 1588 3567 cernens
1615 3516 1776 3567 abbas
1803 3532 1975 3566 causae
2003 3532 2115 3566 suae
2150 3517 2256 3568 dis-

496 3600 751 3668 pendium
794 3598 1053 3666 generari,
1096 3598 1302 3651 litteras
1333 3600 1400 3651 ad
1424 3599 1600 3654 virum
1622 3600 1978 3651 venerabilem
2008 3600 2257 3653 Gileber-
