2398 4152
186 1593 317 1635 Speech
333 1591 371 1624 of

185 1635 337 1668 Richard
353 1634 397 1668 de

184 1677 282 1710 Luci.

1425 0 1468 7 ’Ν
1499 0 1610 37 ’ἰῖξῖῗῗ
1639 0 1808 32 &Tlfisffff
1827 0 2132 34 A'rfissjssffifflf‘w4
2147 3 2160 20 w*
2219 22 2222 23 γ
2343 16 2346 20 ‹
2392 15 2397 26 s

1572 41 1577 49 ,
1606 28 1623 46 ι’
1698 31 1718 46 ῖ,
1737 37 1747 47 ‹.
1784 27 1788 30 '
1875 34 1878 39 ·
1904 28 1913 36 ¹*
1932 27 1935 37 ³
2103 32 2110 40 ²
2214 37 2218 45 ι
2299 33 2314 46 ι

453 441 524 490 88
964 450 1245 494 HISTORIA
1288 447 1702 496 FUNDATIONIS

454 593 520 643 de
570 578 817 656 Essexia,
863 592 1167 660 Reginaldo
1211 593 1277 644 de
1321 592 1612 658 Warenna,
1662 593 1896 646 Ricardo
1940 593 2005 646 de
2052 588 2207 657 Luci,

453 675 680 728 Warino
703 676 816 728 filio
845 675 1091 740 Geroldi,
1113 677 1338 746 aliisque
1362 677 1652 742 nonnullis,
1672 678 1967 748 populique
1991 679 2212 749 insuper

452 760 803 812 multitudine
828 781 938 814 non
962 762 1187 814 modica.
1240 759 1446 813 Assunt
1470 761 1633 813 etiam
1653 769 1709 813 et
1729 762 2010 832 episcopus
2032 762 2211 815 Cices-

453 845 647 898 trensis
699 845 962 911 Hilarius,
1007 847 1281 916 abbasque
1326 845 1596 899 Bellensis
1634 845 1926 900 WalteruS.
2017 846 2213 900 Venti-

453 930 564 982 lato
598 930 767 999 igitur
800 931 1016 1000 negotio
1048 931 1252 983 ibidem
1279 931 1427 1000 quod
1449 930 1591 982 inter
1614 931 1971 984 venerabilem
1998 931 2211 984 Theod-

455 1015 677 1066 baldum
744 1014 1185 1068 Cantuariensem
1232 1015 1689 1085 archiepiscopum
1754 1025 1810 1068 et
1868 1015 2208 1069 Silvestrum¹

456 1099 694 1152 ecclesiae
735 1100 905 1152 sancti
948 1100 1249 1169 Augustini
1295 1116 1419 1170 quae
1458 1100 1561 1152 sita
1585 1109 1668 1151 est
1692 1109 1850 1154 extra
1872 1120 2052 1153 muros
2085 1101 2213 1153 civi—

456 1185 582 1237 tatis
610 1185 915 1237 Cantuariae
940 1186 1190 1237 abbatem
1216 1193 1347 1249 erat,
1390 1186 1455 1237 de
1488 1185 1817 1255 professione
1842 1186 2047 1239 scilicet
2071 1188 2213 1258 ejus-

457 1271 579 1322 dem
614 1271 821 1322 abbatis
857 1271 1095 1322 ecclesiae
1134 1269 1335 1322 Christi
1359 1269 1664 1322 Cantuariae
1688 1270 1949 1335 facienda,
1983 1271 2213 1324 reticen-

455 1355 601 1408 tibus
618 1356 885 1418 omnibus,
899 1355 1165 1427 Ricardus
1191 1355 1257 1406 de
1278 1354 1417 1407 Luci
1439 1374 1661 1424 surgens
1687 1365 1742 1407 et
1762 1356 1821 1408 in
1845 1356 2023 1408 medio
2049 1365 2212 1422 stanS,

456 1441 704 1493 omnibus
742 1440 954 1492 intenta
988 1459 1116 1492 aure
1154 1440 1516 1504 audientibm,
1555 1459 1736 1509 regem
1769 1441 1851 1494 his
1876 1443 2051 1495 verbis
2084 1443 2214 1496 allo-

455 1526 659 1595 quitur.

526 1614 562 1639 “
580 1610 635 1662 A
660 1612 942 1680 magnifica
967 1612 1306 1665 excellentiae
1330 1619 1521 1664 vestrae
1547 1610 1733 1681 gloria,
1755 1612 1968 1665 domine
1994 1613 2070 1666 mi
2092 1633 2211 1679 rex,

452 1695 643 1748 virtuti
677 1698 831 1766 cujus
856 1697 1077 1749 fortuna
1102 1699 1389 1767 conjuncta
1426 1705 1525 1761 est,
1568 1698 1859 1749 venerabili
1893 1698 2046 1751 fratri
2089 1719 2214 1752 meo.

456 1781 720 1844 Waltero,
761 1782 956 1834 rectori
997 1782 1234 1834 ecclesiae
1268 1791 1461 1834 vestrae
1488 1783 1554 1834 de
1585 1781 1759 1845 Bello,
1803 1783 1862 1834 in
1903 1783 2065 1854 hujUs
2107 1784 2213 1837 loci

457 1866 787 1930 consistorio,
807 1875 993 1919 eontra
1016 1868 1323 1919 reverendae
1349 1867 1683 1919 auctoritatis
1709 1867 2018 1938 episcopum
2038 1868 2215 1921 Cices-

457 1952 578 2003 triae
614 1952 905 2016 Hilarium,
941 1971 1039 2022 pro
1073 1952 1396 2022 dignitatum
1437 1961 1493 2004 et
1529 1951 1841 2004 libertatum
1875 1953 2216 2006 ecclesiarum

459 2055 676 2089 suarum
725 2037 1081 2089 controversia
1121 2038 1353 2089 sedanda
1395 2037 1491 2089 diu
1528 2037 1672 2088 inter
1711 2037 1832 2089 illos
1874 2037 2074 2103 habita,
2117 2039 2215 2091 ho-

459 2121 644 2173 dierna
669 2121 770 2173 lux
794 2122 1113 2174 adveniendi
1133 2123 1425 2174 constituta
1450 2129 1548 2174 est.
1623 2121 1659 2173 J
1661 2122 1796 2174 ussis
1819 2123 2002 2192 itaque
2028 2124 2218 2176 vestris

459 2207 852 2276 obtemperans,
890 2207 948 2258 in
980 2207 1269 2276 praesentia
1308 2207 1459 2258 adest
1490 2215 1682 2271 vestra,
1717 2207 1774 2259 in
1800 2209 2047 2260 omnibus
2073 2209 2216 2262 salvo
2289 2279 2292 2282 Δ

457 2291 659 2344 honore
700 2300 895 2355 vestro,
938 2300 995 2343 et
1029 2293 1154 2361 jure
1195 2291 1434 2344 ecclesiae
1477 2300 1669 2344 vestrae
1715 2292 1819 2344 sibi
1844 2293 2138 2346 commissae
2173 2296 2218 2347 si

459 2377 580 2445 quis
624 2376 798 2427 eidem
838 2376 1127 2444 quicquam
1154 2376 1364 2428 obicere
1389 2376 1621 2427 voluerit
1652 2385 1870 2446 paratus
1896 2379 2216 2431 satisfacere.

458 2461 666 2513 Verum
683 2461 778 2512 illa
802 2460 1021 2513 ecclesia
1044 2468 1218 2513 vestra
1241 2461 1307 2512 de
1334 2460 1491 2513 Bello
1516 2480 1547 2512 a
1570 2461 1901 2515 nobilissimo
1925 2482 2050 2532 rege
2077 2464 2220 2516 Wil-

459 2546 620 2598 lelmo
655 2547 724 2598 ob
758 2546 1035 2598 victoriam
1069 2565 1100 2597 a
1133 2545 1254 2598 Deo
1288 2546 1345 2597 in
1380 2546 1569 2598 eodem
1600 2546 1719 2598 loco
1753 2547 1810 2598 in
1844 2548 2074 2601 inimicis
2108 2551 2218 2602 suis

461 2631 564 2683 sibi
588 2631 885 2700 praestitam
911 2651 942 2683 a
966 2631 1330 2683 fundamentis
1357 2632 1636 2695 aedificata,
1664 2633 1867 2702 magnis
1892 2643 1973 2686 est
1991 2635 2221 2703 dignita-

462 2717 609 2768 tibus
658 2724 821 2785 atque
867 2704 1214 2769 libertatibus
1263 2716 1606 2785 praemunita,
1660 2735 1791 2786 quas
1840 2737 2012 2788 usque
2061 2720 2222 2772 hodie

460 2802 778 2853 intemerato
811 2803 935 2871 jure
971 2801 1206 2853 tenuisse
1242 2802 1636 2871 comprobatur.
1715 2803 2020 2872 Magnificis
2055 2805 2222 2873 igitur

463 2906 494 2938 a
518 2887 669 2938 vobis
696 2886 909 2938 domine
935 2905 1035 2937 rex
1062 2897 1117 2936 et
1141 2904 1172 2936 a
1193 2886 1348 2937 nobis
1374 2886 1623 2938 omnibus
1650 2887 1974 2940 Normannis
2018 2890 2223 2943 scilicet

465 2972 688 3023 ecclesia
712 2971 807 3022 illa
831 2970 1143 3022 extollenda
1169 2978 1250 3021 est
1275 2971 1576 3039 praeconiiS,
1618 2972 1746 3040 quia
1778 2973 1977 3025 ibidem
2002 2975 2222 3028 inclitus

465 3076 565 3109 rex
591 3056 680 3107 ille
708 3055 1018 3107 Willelmus
1046 3063 1186 3106 nutu
1213 3055 1339 3120 Dei,
1368 3056 1697 3124 consilioque
1724 3066 1779 3109 et
1802 3059 2008 3111 auxilio
2032 3079 2222 3128 paren-

467 3150 583 3193 tum
620 3149 942 3203 nostrorum,
969 3140 1212 3191 inimicos
1241 3159 1364 3192 suos
1389 3160 1613 3210 regnum
1640 3141 1858 3211 Angliae
1885 3151 1940 3194 et
1975 3163 2222 3197 coronam

466 3227 666 3296 injuste
693 3227 759 3278 ab
786 3226 974 3277 eodem
998 3225 1209 3277 auferre
1246 3236 1497 3278 conantes
1524 3227 1737 3292 devicit,
1773 3228 1983 3297 sibique
2026 3239 2082 3281 et
2107 3249 2223 3282 suc-

468 3312 766 3365 cessoribus
790 3311 900 3364 suis
926 3330 1151 3380 regnum
1178 3330 1535 3381 coronamque
1558 3311 1776 3382 Angliae
1803 3315 2116 3384 adquisivit3
2153 3334 2225 3367 ex

529 3491 540 3516 ¹
574 3490 790 3543 silvester,
832 3491 952 3533 Prior
984 3491 1031 3533 of
1055 3492 1097 3534 S.
1128 3492 1300 3548 Augus·
1389 3507 1516 3535 cause
1543 3493 1587 3534 in
1609 3493 1777 3550 dispute
1803 3493 1996 3537 between
2017 3495 2106 3538 him
2137 3496 2222 3539 and

468 3548 610 3603 tine's,
648 3549 927 3606 Canterbury‚
979 3549 1144 3592 elected
1173 3550 1302 3593 abbot
1389 3551 1461 3593 the
1483 3551 1753 3609 Archbishop
1774 3552 1811 3595 is
1832 3553 1971 3596 stated
1995 3560 2039 3596 at
2058 3561 2222 3609 greater

468 3606 511 3647 in
557 3609 683 3660 1152,
721 3607 802 3648 and
838 3607 936 3649 died
982 3611 1106 3651 1161.
1182 3608 1298 3650 Som-
1388 3608 1534 3665 length
1560 3609 1602 3651 in
1628 3610 1810 3668 Thorne,
1829 3614 1954 3655 1811.
2019 3612 2112 3655 The
2133 3612 2224 3655 Ab-

467 3665 579 3706 ner's
622 3664 898 3721 Canterbury,
946 3666 990 3709 ii.
1035 3669 1130 3710 164.
1213 3667 1303 3710 The
1391 3667 1463 3710 bot
1484 3668 1733 3712 succeeded.
2092 3673 2096 3677 ’
