2398 4152
190 1341 298 1371 Grant
309 1339 347 1370 of
359 1339 417 1370 the

187 1381 434 1454 z‘f’yssssoffssffi.

452 446 522 496 40
942 452 1223 494 HISTORIA
1267 451 1678 493 FUNDATIONIS

451 580 627 631 favore
654 586 716 628 ut
742 577 963 628 decebat
986 576 1263 644 magnifice
1289 579 1588 647 excethS,1
1624 577 1768 644 apud
1791 574 2104 630 Lundonias
2128 577 2217 629 ab

452 661 825 731 archipraesule
869 659 1210 722 Lanfranco,2
1252 659 1529 711 assistente
1583 661 1736 727 regni
1783 659 2088 725 nobilitate,
2138 655 2196 712 in

451 746 729 799 nativitate
770 744 987 807 Christi,
1038 744 1270 795 intrante
1331 762 1470 794 anno
1499 815 1502 818 ι
1533 743 1911 797 incarnationis
1958 741 2199 815 ejusdem

453 830 623 883 Verbi
668 829 791 893 Dei,
834 828 916 881 M.
943 828 1199 881 lxxxviii.
1245 828 1398 897 regni
1439 827 1679 880 diadema
1708 827 1959 898 suscepit».
2035 829 2201 884 Quod

453 917 697 984 adethS,
725 913 932 981 paterni
981 912 1217 964 mandati
1265 931 1374 963 non
1415 912 1692 975 inmemor,
1752 912 1919 981 patris
1976 913 2201 982 pallium

454 1000 628 1068 regale
655 1007 712 1050 et
728 998 1004 1060 feretrum,
1022 997 1165 1049 unde
1186 994 1347 1066 supra
1370 995 1728 1059 meminimuS,
1750 993 1872 1048 curn
1898 996 2061 1051 eccm.
2081 997 2202 1067 phi-

456 1081 702 1146 lacteriis,
716 1091 1018 1149 sanctorum
1036 1082 1322 1151 pignorum
1344 1080 1666 1132 excellentia
1683 1081 1944 1149 gloriosis,
1962 1081 2200 1134 ecclesiae

455 1166 603 1218 beati
647 1166 874 1218 Martini
915 1167 1231 1235 quantocius
1258 1164 1539 1233 delegavit,
1568 1182 1692 1234 quae
1727 1165 1884 1217 simul
1909 1165 2055 1234 apud
2079 1157 2206 1217 Bel-

457 1250 571 1301 lum
595 1250 734 1302 viiiV⁰
769 1250 1019 1302 kalendas
1045 1249 1366 1303 Novembris
1391 1257 1637 1318 suscepta
1660 1257 1803 1301 sunt.

532 1334 839 1386 Manerium
864 1334 1024 1386 etiam
1050 1333 1147 1384 xlta
1187 1334 1444 1386 librarum
1470 1333 1643 1385 eidem
1663 1333 1903 1386 ecclesiae
1928 1333 1987 1385 in
2007 1333 2207 1386 Wilte-

458 1419 564 1471 sira
586 1419 845 1470 vocabulo
872 1418 1202 1481 Bromham,3
1245 1437 1316 1470 ex
1354 1417 1499 1485 regia
1524 1436 1718 1469 corona
1741 1417 1799 1469 in
1822 1418 2207 1486 possessionem

459 1512 712 1555 aeternam
738 1521 859 1554 cum
898 1501 1150 1553 membris
1175 1501 1423 1552 omnibus
1471 1501 1645 1552 eidem
1670 1502 1908 1554 manerio
1948 1501 2207 1571 delegatis

457 1587 690 1649 donavit,
742 1594 796 1636 et
843 1585 980 1637 illud
1030 1604 1151 1636 cum
1212 1585 1463 1637 membris
1517 1585 1645 1648 suis,
1708 1584 2092 1655 ecclesiamque
2141 1587 2208 1638 de

460 1671 632 1733 Bello,
675 1688 796 1721 cum
835 1668 1082 1720 omnibus
1109 1669 1175 1720 ad
1200 1687 1316 1720 eam
1354 1668 1772 1742 pertinentibUS,
1811 1671 1879 1722 ab
1926 1670 2072 1722 omni
2109 1689 2206 1722 ex-

458 1754 666 1806 actione
727 1761 783 1804 et
841 1752 1227 1804 consuetudine
1278 1760 1506 1804 terrenae
1565 1753 1855 1818 servitutiS,
1910 1755 2205 1806 secundum
2254 1755 2257 1757 ’

457 1838 624 1909 patris
664 1837 747 1889 sui
773 1845 959 1901 cartaS,
995 1837 1144 1905 regia
1168 1837 1506 1900 auctoritate,
1535 1838 1828 1889 secundum
1863 1838 2009 1907 quod
2046 1828 2208 1908 supra

457 1921 999 1985 commemoravimus,
1027 1921 1085 1972 in
1108 1921 1359 1973 libertate
1381 1930 1436 1972 et
1461 1921 1644 1989 quiete
1670 1940 1884 1975 manere
1908 1923 2207 1987 constituit,

458 2015 514 2058 et
538 2014 680 2058 carta
704 2024 798 2057 sua
822 2005 1169 2057 confirmavit.
1760 2003 1767 2006 ’

531 2090 708 2158 Igitur
732 2090 1022 2142 venerabili
1065 2091 1258 2146 abbate
1286 2090 1592 2145 Gausberto
1637 2092 1864 2145 sollicite
1892 2093 2209 2146 omnimodis

459 2175 562 2226 sibi
588 2174 864 2226 commisso
889 2175 1039 2243 gregi
1064 2175 1397 2240 intendente,
1431 2177 1886 2246 perfectionisque
1929 2177 2207 2247 fastigium

459 2259 687 2310 subditis
727 2259 1092 2311 indesinenter
1129 2261 1291 2312 verbo
1320 2270 1375 2313 et
1401 2262 1664 2331 exemplis
1689 2271 2058 2331 praeponente,
2084 2263 2209 2314 reli-

457 2343 647 2411 gionis,
676 2343 930 2407 caritatiS,
959 2344 1236 2414 totiusque
1273 2346 1533 2398 bonitatis
1581 2346 1799 2409 virtute,
1840 2347 1956 2398 haec
1996 2348 2060 2399 de
2102 2366 2208 2416 qua

458 2427 635 2494 agitur
691 2428 835 2479 beati
895 2428 1122 2480 Martini
1181 2430 1404 2482 ecclesia
1460 2430 1835 2500 multipliciter
1887 2431 2204 2484 excellebat.

463 2510 707 2580 Cumque
724 2513 836 2581 jam
863 2513 1038 2582 operis
1061 2514 1281 2567 fabricae
1307 2524 1590 2585 peroptata
1610 2516 1910 2568 advenisset
1927 2516 2207 2585 perfectio,

458 2614 583 2663 rege
636 2596 956 2663 quibusdam
995 2599 1165 2651 causis
1205 2600 1408 2652 obortis
1456 2601 1678 2651 eandem
1717 2599 2042 2670 provi-nciam
2084 2616 2206 2652 cum

459 2679 644 2729 multis
685 2681 1034 2748 optimatibus
1073 2683 1212 2734 forte
1258 2684 1507 2748 adeunte,
1560 2704 1630 2736 ex
1669 2684 1932 2736 instinctu
1967 2685 2208 2754 ejusdem

459 2764 684 2828 abbatis,
730 2766 940 2834 paterni
979 2786 1180 2819 memor
1206 2767 1388 2831 edicti,
1435 2769 1656 2820 eandem
1682 2768 1914 2820 dedicari
1938 2768 2211 2820 basilicam

455 2848 711 2899 decrevit.
791 2848 1036 2918 Cumque
1076 2860 1278 2904 statuto
1320 2852 1405 2904 die
1439 2872 1556 2915 rex,
1583 2853 1846 2904 baronum
1872 2860 1927 2903 et
1954 2851 2102 2921 vulgi
2127 2852 2209 2903 in-

459 2951 681 2983 numero
702 2933 1087 3003 circumseptus
1105 2937 1316 3005 agmine
1342 2937 1520 2989 locum
1545 2937 1757 3000 adisset,
1784 2936 2209 2988 reverentissimo

462 3035 679 3084 quoque
724 3017 953 3086 Deoque
999 3020 1195 3072 dilecto
1243 3021 1622 3090 archipraesule
1669 3020 2042 3072 Cantuariensi
2092 3020 2209 3072 An‘-

460 3100 624 3151 selmo
651 3102 1076 3169 superveniente,
1099 3104 1586 3173 comitantibusque
1611 3123 1792 3178 regem
1817 3104 2211 3156 venerabilibus

458 3214 461 3215 ⁷
520 3211 531 3234 ¹
566 3210 671 3253 This
693 3211 729 3253 is
751 3211 982 3254 confirmed
1010 3212 1068 3269 by
1089 3212 1295 3255 Malmes-
1378 3212 1500 3254 order
1530 3212 1578 3254 of
1601 3209 1881 3268 knighthood.
1949 3209 2042 3252 The
2073 3210 2210 3253 Arch-

462 3267 581 3325 bury,
611 3283 681 3324 pp.
703 3271 802 3323 461,
834 3272 933 3312 486.
996 3270 1088 3312 The
1102 3278 1238 3313 secret
1252 3270 1301 3312 of
1377 3270 1568 3326 bishop’s
1591 3270 1738 3311 favour
1766 3282 1852 3310 was
1877 3267 2208 3324 omnipotentia

463 3324 527 3366 his
553 3326 671 3382 rapid
703 3326 913 3368 influence
944 3342 1029 3369 was
1059 3327 1132 3370 the
1163 3327 1295 3385 ready
1380 3326 1576 3384 England
1594 3344 1607 3370 .·
1641 3326 1922 3368 “maximum
1950 3340 2089 3368 rerum
2121 3340 2208 3368 mo-

462 3381 733 3425 distribution
770 3385 817 3425 of
860 3384 928 3427 his
968 3385 1143 3427 father’s
1183 3393 1294 3427 trea-
1377 3384 1618 3439 mentum,’'
1641 3399 1738 3441 says
1760 3382 2070 3439 Malmesbury,
2091 3383 2150 3427 ib.

461 3453 592 3482 sures.
664 3440 858 3483 William
890 3441 926 3485 I.
954 3457 1039 3485 was
1074 3444 1292 3485 notorious
1436 3442 1452 3467 ³
1481 3442 1597 3484 Held
1613 3441 1814 3498 formerly
1831 3440 1887 3497 by
1903 3440 2082 3484 Harold.
2116 3441 2209 3484 The

461 3495 523 3549 for
543 3497 719 3540 avarice.
1377 3508 1499 3557 entry
1521 3498 1750 3542 concludes
1767 3514 1776 3542 :
1812 3502 1837 3523 “
1854 3498 2003 3540 Valuit
2019 3512 2096 3543 xx.
2117 3497 2209 3554 lib.,

495 3552 534 3615 ‘2
565 3553 693 3595 From
716 3555 940 3611 Larffranc,
963 3556 1057 3598 who
1078 3557 1162 3599 had
1183 3557 1291 3600 been
1377 3557 1504 3600 modo
1526 3557 1644 3599 xxiv.
1659 3556 1767 3600 lib.”
1819 3556 1848 3599 f.
1872 3559 1942 3611 65,
1964 3555 2006 3599 b.

462 3607 527 3650 lus
556 3619 784 3668 preceptor,
816 3613 868 3655 he
896 3614 980 3656 had
994 3615 1188 3657 received
1217 3615 1291 3657 the
