2398 4152
414 459 483 510 38
910 468 1190 508 HISTORIA
1232 467 1643 509 FUNDATIONIs

412 602 615 654 tunam,
649 592 802 660 cujus
828 591 993 642 studii
1030 590 1302 660 praecipue
1327 599 1440 642 erat
1465 591 1647 643 Deum
1671 591 1887 660 Deique
1912 591 2157 646 basilicas

410 677 685 737 honorare,
714 673 1014 737 extollere,¹
1041 682 1205 743 atque
1231 675 1330 725 sub
1355 674 1535 742 legum
1556 675 1891 726 observantia
1914 694 2023 727 non
2049 683 2158 728 tam
2216 697 2218 699 ·

408 759 548 828 regis
587 777 782 809 nomen
819 776 980 826 quam
1021 757 1242 809 rectoris
1269 758 1589 827 -aequitatem
1615 758 1898 810 obtinere?
1972 758 2157 829 Hujus

407 843 685 895 industriae
712 861 835 894 cum
876 841 1116 911 privatus
1155 842 1328 894 adhuc
1368 842 1694 904 adventaret,
1722 841 2158 895 Normannorum

407 927 751 996 superciliosa
789 926 946 978 cessit
978 926 1180 990 feritas,
1227 925 1530 995 Anglorum
1569 926 1847 978 barbarica
1870 927 2158 979 succubuit

406 1013 625 1064 subacta
667 1011 936 1074 severitas,
981 1030 1267 1079 regnorum
1307 1010 1635 1063 diversorum
1675 1011 1906 1063 attonita
1949 1012 2157 1064 obtem-

407 1096 629 1166 perabat
676 1095 975 1159 sullimitas,
1015 1104 1074 1146 ⁴et
1118 1104 1296 1146 tamen
1345 1113 1468 1146 cum
1507 1094 1590 1145 his
1641 1095 1890 1147 omnibus
1932 1095 2156 1148 rationis

407 1180 829 1250 superemineret
854 1179 1234 1243 moderamine,
1251 1179 1439 1230 mortis
1465 1197 1606 1242 eum,
1633 1179 1772 1231 heu!
1801 1198 1960 1249 pomo
1981 1189 2153 1245 nacta,

407 1267 652 1335 subigere
693 1285 801 1318 non
842 1266 1124 1317 exhorruit
1166 1266 1485 1317 immanitas,
1564 1266 1612 1317 O
1661 1265 1823 1334 igitur
1850 1267 2156 1318 deflendum

405 1351 614 1403 miserae
634 1350 955 1402 conditionis
975 1349 1290 1402 discrimen!
1334 1349 1498 1400 Hunc
1525 1349 1794 1419 siquidem
1821 1369 1983 1419 quem
2008 1370 2155 1420 mag-

404 1436 688 1487 nanimitas
715 1434 1070 1487 comitabatur
1094 1433 1333 1485 difficilia
1357 1433 1659 1495 inchoandi,
1700 1434 1863 1485 robur
1900 1443 1955 1486 et
1980 1435 2155 1488 effica-

406 1521 487 1572 cia
540 1518 910 1588 conquirendi,
957 1517 1212 1586 sagacitas
1254 1535 1494 1586 possessa
1532 1517 1866 1585 pacificandi,
1904 1520 2152 1587 generale

406 1613 469 1656 ut
507 1604 590 1655 his
634 1602 858 1671 singulis
899 1609 1168 1653 carentem
1211 1600 1486 1652 letiferum
1526 1601 1815 1653 substravit
1853 1602 2152 1668 discrimen,

404 1698 466 1742 ut
507 1688 678 1740 infimi
730 1687 1017 1756 abjectum,
1057 1703 1241 1736 secure
1293 1684 1436 1753 regis
1482 1685 1799 1754 praeclarum
1849 1695 2151 1756 penetranS,

397 1776 596 1826 lumen.

474 1859 747 1911 Caeterum
769 1856 1015 1909 miseram
1032 1855 1227 1907 deflere
1253 1874 1362 1906 non
1386 1855 1655 1908 sufficiens
1679 1854 2058 1920 conditionem,
2086 1858 2153 1909 ab

398 1945 482 1996 his
530 1942 746 1995 interim
789 1960 874 1992 me
923 1948 1270 2008 retorquente
1320 1940 1521 2003 stilum,
1573 1940 1804 2009 sapienti
1852 1941 1980 1992 dum
2028 1941 2155 1994 licet

398 2029 645 2081 innuitur
664 2035 927 2078 aeternum
952 2025 1055 2077 sibi
1080 2043 1362 2093 procurare
1390 2025 1596 2077 asilum.
1674 2025 1766 2076 Ad
1789 2025 2007 2093 gloriosi
2027 2045 2153 2079 vero

404 2113 668 2167 Willelmi
693 2111 907 2164 nomine
945 2109 1085 2178 regis
1120 2118 1175 2160 et
1206 2128 1262 2160 re
1287 2110 1584 2161 retexenda
1608 2128 1678 2160 ex
1703 2109 1948 2178 insigniis
1973 2111 2154 2179 aliqua

403 2199 588 2269 paucis
629 2197 979 2267 expediamus
1023 2194 1232 2246 omissa.
1308 2194 1462 2245 Fecit
1501 2194 1685 2262 itaque
1728 2194 1869 2246 idem
1903 2195 2152 2265 princeps

400 2282 764 2335 nobilissimus
805 2300 876 2332 ex
915 2279 1132 2349 proprio
1182 2278 1419 2331 dominio
1468 2279 1709 2330 abbatias
1760 2280 1980 2347 quidem
2024 2288 2148 2345 tres,

402 2367 643 2435 delegata
684 2365 908 2433 singulis
962 2364 1289 2433 praediorum
1328 2362 1667 2427 sufficientia,
1708 2363 1951 2433 exceptis
1992 2365 2152 2416 innu-

400 2451 561 2502 meris
586 2450 1007 2520 possessionibus
1033 2458 1090 2499 et
1113 2446 1407 2509 beneficiis,
1430 2466 1562 2516 quas
1586 2448 1778 2500 animae
1806 2466 1917 2499 suae
1944 2450 2151 2518 prospi-

401 2535 543 2587 ciens
593 2534 811 2587 diversis
867 2541 1169 2585 sanctorum
1213 2532 1547 2583 monasteriis
1599 2532 1674 2583 cis
1724 2532 1965 2602 citraque
2005 2553 2149 2586 mare

399 2620 642 2688 largiflue
691 2618 1033 2681 contulerat,²
1094 2635 1191 2668 seu
1254 2617 1320 2667 ab
1369 2617 1487 2668 aliis
1536 2618 1770 2669 conferri
1807 2629 2148 2672 concesserat.

402 2705 554 2758 Duas
581 2705 799 2774 quidem
844 2704 986 2772 apud
1014 2701 1308 2754 Cadomum
1351 2702 1717 2767 construxit33
1759 2722 1921 2755 unam
1969 2723 2150 2757 mona-

400 2792 620 2844 chorum
668 2805 765 2858 pro
806 2808 860 2841 se
899 2787 1134 2846 habilem
1185 2786 1400 2838 omnino
1449 2806 1509 2838 ac
1556 2787 1898 2857 locupletem,
1943 2789 2001 2841 in
2042 2809 2149 2859 qua

401 2877 685 2928 defunctus
734 2883 798 2925 ut
843 2873 1057 2942 praefati
1106 2890 1290 2924 sumus
1339 2871 1668 2934 tulnulatur3
1723 2872 1880 2924 aliam
1930 2893 2147 2943 quoque

400 2959 882 3013 sanctimonialium
910 2957 1036 3009 satis
1063 2955 1408 3026 spectabilem
1424 2973 1581 3007 causa
1600 2964 1656 3007 et
1673 2956 1933 3009 instinctu
1946 2959 2148 3027 reginae

461 3110 469 3134 ¹
505 3109 611 3152 This
639 3109 675 3151 is
702 3107 935 3152 confirmed
950 3107 1009 3168 by
1023 3106 1228 3150 Malmes-
1315 3105 1532 3160 observed,
1556 3106 1589 3147 it
1621 3105 1707 3148 had
1726 3105 1835 3148 been
1855 3106 1993 3148 better
2013 3107 2052 3149 if
2072 3107 2145 3150 the

398 3167 704 3267 bugyffiiis45i}
718 3224 890 3267 noticed
926 3221 1230 3279 emphatically
1313 3163 1612 3278 {Lirgdlffstlilaaiii
1626 3163 1661 3263 111)
1658 3164 2145 3266 ἓξνῃοξιέῗῖὲξεῖτῗιὶἶέἇ

399 3283 456 3338 by
498 3280 694 3325 William
731 3283 779 3324 of
814 3281 1124 3338 Malmesbury.
1187 3280 1229 3323 It
1314 3279 1373 3337 by
1393 3279 1607 3336 ill-gotten
1627 3279 1780 3322 riches.

399 3355 483 3382 was
504 3355 529 3382 a
556 3340 725 3396 general
753 3338 999 3397 complaint,
1034 3339 1087 3381 he
1115 3353 1226 3395 says,
1372 3338 1390 3362 ³
1410 3337 1581 3394 “Apud
1596 3336 1835 3379 Cadomum
1849 3336 1934 3379 duo
1950 3337 2145 3381 eoenobia

399 3397 491 3439 that
535 3411 677 3440 scarce
727 3412 810 3454 any
847 3397 1049 3453 religious
1093 3396 1228 3438 house
1314 3395 1582 3447 construxit3
1616 3409 1749 3437 unum
1772 3394 2076 3438 monachorum
2099 3396 2143 3441 in

399 3455 565 3496 existed
600 3455 644 3497 in
681 3455 946 3512 Normandy,
983 3454 1126 3496 whose
1153 3469 1228 3510 po·
1312 3453 1472 3495 honore
1501 3453 1544 3497 S.
1568 3452 1771 3510 Stephani
1807 3453 2143 3510 protomartyris,

399 3523 517 3567 verty
564 3527 649 3553 was
689 3521 762 3554 not
803 3512 1020 3555 sustained
1061 3512 1119 3568 by
1155 3511 1227 3554 the
1312 3510 1430 3553 aliud
1469 3509 1857 3553 sanctimonialium
1898 3511 1942 3553 in
1983 3510 2144 3554 honore

397 3569 543 3625 plenty
576 3570 623 3610 of
656 3569 865 3625 England.
942 3568 1227 3612 Monasteries
1312 3569 1354 3611 S.
1375 3567 1644 3611 Trinitatis.’'
1711 3567 1955 3624 Ordericus,
1982 3583 2023 3624 p.
2041 3571 2143 3612 459.

396 3641 552 3682 sprung
573 3641 629 3682 up
650 3641 704 3668 on
728 3626 784 3669 all
805 3627 918 3670 sides
935 3643 947 3679 3
979 3627 1055 3670 but
1077 3626 1227 3684 people
1312 3626 1391 3668 See
1412 3625 1501 3669 also
1517 3625 1590 3668 the
1613 3625 1660 3668 N
1663 3625 1820 3668 eustria
1843 3625 1934 3681 Pia,
1955 3640 1998 3683 p.
2021 3628 2120 3669 624.
