2398 4152
463 469 570 519 130
945 476 1226 516 HISTORIA
1263 474 1671 516 FUNDATIONIS

461 601 646 653 rabilis
672 599 894 652 Ricardi
919 600 983 651 de
1011 598 1150 650 Luci
1175 596 1355 675 fratris
1380 598 1549 667 ipsius
1574 597 1802 662 abbatis,
1831 597 1927 666 qui
1953 598 2217 650 secundus

463 705 495 737 a
526 704 651 753 rege
691 701 914 735 summae
956 691 1083 734 tunc
1128 682 1384 751 temporis
1430 682 1488 733 in
1536 701 1700 751 regno
1738 682 1976 752 justiciae
2020 700 2217 734 nomen

466 770 809 838 officiumque
835 769 1072 821 tenebat.
1147 768 1282 836 Egit
1315 767 1482 836 igitur
1516 768 1679 818 abbas
1714 774 1777 818 ut
1801 767 1998 818 dicitur
2031 767 2089 818 in
2118 767 2218 818 hac

464 862 616 923 parte
659 854 837 905 minus
887 853 1270 922 circumspecte
1322 853 1451 903 dum
1511 853 1656 921 ipsas
1717 851 1964 903 ecclesias
2015 850 2220 903 clericis

467 939 727 990 concessit
764 938 1148 1007 pensionaliter
1197 938 1471 1000 tenendas,
1510 936 1786 1006 portiones
1826 934 2221 1005 comparatione

466 1023 743 1075 fructuum
777 1042 849 1074 ex
873 1023 949 1074 eis
973 1023 1226 1075 habunde
1251 1022 1684 1091 provenientium
1720 1021 2023 1073 admodicas
2058 1019 2222 1072 susci-

465 1109 636 1178 piens,
665 1127 787 1161 cum
823 1109 1001 1161 omnia
1035 1109 1100 1159 de
1134 1108 1282 1159 facili
1323 1108 1366 1159 si
1392 1107 1676 1160 institisset
1706 1115 1887 1176 posset
1911 1105 2220 1175 suscepisse.

466 1194 854 1246 Verumtamen
890 1195 1018 1245 licet
1052 1194 1153 1245 hoc
1189 1192 1512 1244 moderniori
1562 1192 1782 1243 consilio
1826 1190 2046 1242 minime
2092 1208 2221 1242 usus

467 1279 653 1343 fuerit,
695 1279 989 1349 plurimum
1032 1288 1212 1330 tamen
1250 1278 1309 1329 in
1357 1278 1594 1347 ipsarum
1634 1276 1976 1328 ecclesiarum
2012 1293 2226 1326 revoca-

470 1363 616 1415 tione
667 1371 875 1415 constat
923 1382 1047 1415 eum
1092 1362 1415 1415 monasterio
1464 1381 1560 1413 suo
1611 1359 1916 1423 contulisse,
1959 1360 2088 1411 dum
2130 1360 2224 1428 jus

470 1448 724 1502 amissum
750 1457 805 1499 et
828 1464 983 1517 paene
1021 1446 1366 1499 irrevocabile
1391 1445 1619 1496 viriliter
1642 1463 1888 1496 revocare
1915 1443 2143 1506 studuit,
2171 1452 2227 1495 et

463 1533 588 1602 jure
622 1532 895 1595 restituto,
926 1550 1048 1583 cum
1087 1541 1244 1582 antea
1273 1531 1339 1581 ab
1376 1529 1650 1599 aliquibus
1685 1547 1867 1581 earum
1901 1537 1965 1580 ut
2000 1527 2225 1598 praedic-

470 1626 589 1668 tum
615 1625 697 1669 est
720 1635 918 1687 paucos
943 1616 1169 1679 fructUS,
1197 1616 1262 1667 ab
1302 1614 1575 1683 aliquibus
1600 1632 1725 1665 vero
1762 1621 1984 1683 propter
2019 1612 2228 1664 hostili-

473 1702 596 1754 tatis
623 1710 862 1771 tempora
895 1701 1111 1753 omnino
1145 1700 1323 1752 nullos
1349 1699 1660 1768 susciperet,
1689 1699 1754 1750 de
1782 1697 1941 1750 simul
1979 1697 2228 1749 omnibus

473 1805 633 1856 supra
657 1787 851 1856 viginti
888 1787 1018 1838 duas
1054 1804 1255 1837 marcas
1292 1785 1499 1853 argenti
1533 1783 1756 1852 singulis
1790 1782 1942 1834 annis
1980 1781 2231 1851 pension-

471 1873 627 1924 aliter
653 1873 785 1925 solvi
809 1873 956 1924 fecit.
1033 1872 1127 1924 Ex
1150 1872 1234 1923 his
1260 1879 1440 1923 autem
1464 1870 1814 1940 pensionibus
1840 1876 2043 1938 septem
2068 1867 2230 1919 libras

470 1959 538 2010 ad
572 1978 732 2028 opera
769 1957 1078 2009 monasterii
1113 1955 1416 2025 assignavit,
1446 1964 1661 2007 centum
1702 1953 1906 2005 scilicet
1938 1953 2133 2004 solidos
2164 1952 2230 2003 de

474 2045 697 2096 ecclesia
722 2046 786 2096 de
806 2044 1143 2107 Eillesham,¹
1171 2052 1227 2094 et
1268 2042 1624 2111 quadraginta
1667 2041 1863 2093 solidos
1904 2041 1969 2092 de
2012 2036 2233 2091 ecclesia

474 2130 539 2181 de
582 2129 912 2191 Middehale,
940 2137 1206 2198 perpetuo
1237 2126 1564 2179 anathemati
1604 2125 1872 2177 subiciens
1908 2142 2107 2187 omnes,
2137 2122 2232 2192 qui

474 2234 560 2266 eas
586 2214 643 2265 in
668 2214 798 2265 alios
814 2232 942 2265 usus
969 2213 1335 2276 transferrent,
1355 2218 1450 2262 aut
1470 2210 1654 2279 quavis
1675 2229 1746 2261 ex
1766 2228 1922 2261 causa
1940 2209 2231 2272 auferrent,

474 2307 570 2350 aut
611 2307 675 2350 ut
724 2298 1142 2349 transferrentur
1181 2296 1587 2348 auferrenturve
1634 2293 1855 2345 consilio
1895 2293 1980 2345 vel
2024 2293 2231 2345 auxilio

477 2391 669 2435 essent.
746 2382 880 2451 Egit
919 2390 1100 2434 autem
1138 2381 1238 2432 hoc
1281 2399 1352 2432 ex
1390 2379 1665 2431 voluntate
1708 2386 1763 2429 et
1807 2397 2067 2430 consensu
2110 2397 2234 2430 con-

475 2476 668 2520 ventus
694 2467 794 2530 sui,
814 2468 1018 2518 bonum
1032 2465 1161 2518 boni
1189 2465 1364 2534 operis
1381 2462 1772 2515 successoribus
1798 2463 1907 2514 suis
1925 2462 2234 2532 relinquens

478 2552 806 2622 exemplum.

205 2658 413 2708 Appointsa
550 2638 739 2706 Usque
803 2637 871 2688 ad
918 2634 1237 2687 venerabilis
1297 2634 1460 2703 hujus
1508 2632 1609 2684 viri
1669 2640 1924 2700 tempora,
1976 2630 2236 2683 medietas

205 2705 333 2741 mmety
344 2701 381 2732 of
394 2700 453 2732 the
579 2723 590 2732 .
950 2720 960 2730 .
1008 2720 1018 2729 .
1253 2719 1264 2729 .
1477 2717 1509 2727 ..
1664 2716 1675 2726 .
1782 2717 1792 2726 .
2198 2715 2230 2726 ..

205 2744 311 2775 times
327 2745 362 2773 at
377 2742 450 2782 Wi,
478 2724 699 2774 declmae
728 2722 792 2772 de
821 2721 1057 2771 (1011111110
1079 2721 1142 2771 de
1170 2719 1285 2781 W1,
1307 2719 1538 2770 bovarns
1565 2733 1728 2768 curlae
1747 2716 1986 2785 ejusdem
2010 2733 2235 2771 manern

203 2785 410 2866 {ffisttisseatsa‘
477 2816 592 2858 erat
639 2806 919 2874 assignata,
979 2804 1196 2872 fuitque
1245 2803 1514 2854 hereditas
1559 2801 1783 2853 Domini
1832 2818 2035 2851 merces
2100 2817 2237 2851 mer-

206 2868 334 2900 Baffle‘
477 2892 692 2943 cenarii.
767 2890 975 2942 Videns
1010 2889 1173 2939 abbas
1211 2888 1312 2938 hoc
1351 2886 1569 2938 omnino
1603 2904 1712 2936 non
1749 2903 1861 2936 esse
1898 2885 2230 2948 canonicum,

476 2976 726 3029 bubulcis
764 2974 910 3037 alias,
950 2973 1050 3024 hoc
1090 2980 1170 3024 est
1208 2973 1272 3023 de
1306 2980 1446 3022 terra
1477 2970 1701 3022 dominii
1735 2970 1800 3020 de
1835 2969 1948 3032 Wi,
1983 2969 2234 3037 providit,

477 3062 756 3131 ipsamque
800 3058 1145 3110 medietatem
1193 3055 1412 3107 decimae
1461 3054 1591 3123 ipsis
1636 3061 1855 3104 eatenus
1899 3053 2235 3121 assignatam,

480 3144 791 3197 sacristariae
817 3141 1127 3194 monasterii
1155 3140 1238 3193 sui
1274 3141 1339 3191 de
1366 3139 1521 3191 Bello
1549 3157 1619 3189 ex
1657 3155 1918 3190 consensu
1944 3145 2236 3189 conventus

480 3230 563 3282 sui
589 3228 890 3297 assignavit,
919 3234 1159 3278 statuens
1185 3233 1249 3276 ut
1280 3244 1349 3275 ex
1381 3224 1497 3293 ipsa
1535 3223 1740 3274 decima
1774 3223 1881 3274 duo
1917 3221 2237 3273 nominatim

481 3314 622 3365 cerei
648 3312 1036 3373 invenirentur,
1063 3310 1121 3360 in
1147 3309 1306 3360 choro
1331 3327 1505 3359 coram
1541 3315 1806 3359 conventu
1842 3306 2091 3375 quotiens
2124 3306 2235 3357 illic

479 3416 716 3468 praesens
752 3396 1021 3464 indigeret
1060 3393 1263 3445 lumine
1298 3393 1531 3444 lucernae
1575 3392 1762 3444 arsuri.
1841 3390 2048 3442 Statuit
2100 3407 2238 3460 prae-

484 3598 609 3627 ences
639 3590 752 3626 most
783 3581 982 3627 effectual
1003 3582 1047 3624 in
1079 3579 1326 3637 destroying
1345 3578 1622 3621 monasteries
1643 3575 1727 3619 and
1755 3574 2000 3631 corrupting
2028 3573 2237 3616 monastic

485 3642 722 3699 discipline.
1473 3636 1485 3659 ¹
1519 3635 1556 3678 I.
1578 3649 1615 3679 e.
1634 3633 1841 3691 Aylsham
1863 3633 1905 3675 in
1929 3631 2109 3675 Suffolk.
