2398 4152
699 464 1064 506 MONAs'rERH
1102 465 1181 506 DE
1222 466 1427 507 BELLO.
1807 516 1809 518 ¹
1861 456 1927 507 65

202 600 313 635 sese
356 583 633 637 ultroneus
675 607 812 640 anno
855 588 999 640 xiiii0
1035 607 1106 639 ex
1149 607 1256 656 quo
1308 587 1536 639 abbatiae
1573 587 1931 654 gubernacula

201 676 496 736 sumpserat
519 669 584 720 ab
611 671 755 722 omni
780 689 905 722 cura
928 672 1253 741 praelationis
1280 671 1507 733 demisit,
1529 670 1709 738 sicque
1736 670 1931 721 suimet

202 749 465 802 duntaxat
489 770 667 803 curam
691 752 892 804 habens
917 755 984 805 ad
1009 754 1173 805 sancti
1204 754 1471 807 Pancratii
1508 753 1763 821 religione
1803 753 1928 804 satis

201 834 487 901 spectabile
532 837 927 901 monasterium,
981 837 1038 887 in
1089 837 1361 888 Leuuensi
1410 836 1573 887 situm
1611 845 1796 900 castro,
1849 856 1929 887 se-

202 916 374 980 cessit,
434 917 618 986 ibique
656 920 724 971 ad
761 938 931 988 usque
977 920 1155 972 obitus
1209 920 1292 971 sui
1337 919 1478 971 diem
1519 919 1764 987 religiose
1809 939 1929 989 per-

200 1001 408 1052 mansit.

272 1083 433 1134 Anno
475 1103 598 1136 vero
641 1085 722 1137 M.
780 1105 824 1137 c.
862 1087 1104 1138 xxx⁰ix⁰.
1146 1086 1540 1138 humanationis
1578 1086 1802 1138 Deificae
1850 1088 1931 1139 in-
1955 1090 2142 1123 *·¹’·¹¹³9·

1954 1128 2086 1159 Walter
2100 1127 2142 1159 de

202 1167 441 1231 choante,
494 1169 747 1220 continuo
795 1179 918 1238 post
955 1170 1147 1221 Natale
1189 1170 1428 1232 Domini,
1475 1179 1794 1221 memoratus
1834 1190 1932 1222 rex
1955 1171 2082 1208 ΙΛΙΟΝ
2108 1187 2122 1195 ·

1978 1210 2069 1241 ointe

205 1249 507 1319 Stephanus
532 1253 676 1321 apud
702 1251 1058 1315 Cantuariam‚
1096 1253 1295 1320 reginae
1322 1270 1432 1303 suae
1474 1260 1528 1303 et
1564 1253 1809 1321 praedicti
1835 1253 1934 1304 Al-
1953 1221 2081 1283 Rbboe·

199 1334 364 1385 berici
405 1335 568 1403 legati
609 1354 816 1387 necnon
859 1344 915 1388 et
958 1336 1291 1404 quorundam
1337 1337 1597 1387 baronum
1652 1336 1803 1404 regni
1851 1337 1934 1388 sui

199 1434 328 1469 usus
353 1418 587 1481 consilio,
614 1419 881 1470 abbatiam
906 1419 970 1470 de
998 1419 1152 1470 Bello
1180 1419 1388 1470 cuidam
1413 1419 1668 1470 monacho
1696 1420 1759 1470 de
1786 1419 1935 1471 Lun-

200 1499 340 1568 legio
365 1501 712 1553 transmarino
726 1502 970 1554 Waltero
997 1502 1229 1565 nomine,
1255 1503 1407 1554 fratri
1425 1504 1699 1572 cujusdam
1723 1504 1935 1556 baronis

200 1584 349 1652 regni
387 1586 735 1654 praepotentis
763 1586 983 1637 Ricardi
1008 1595 1358 1654 cognomento
1384 1587 1447 1637 de
1473 1587 1628 1650 Luci,
1671 1607 1936 1639 commen-

199 1668 357 1719 davit.
434 1668 554 1731 Hic
582 1688 706 1738 ergo
743 1670 1026 1738 prudentia
1055 1670 1223 1721 multa
1256 1689 1313 1721 ac
1349 1670 1622 1739 sapientia,
1649 1689 1855 1723 necnon
1880 1680 1936 1723 et

200 1751 522 1819 eloquentiae
550 1763 873 1816 ornamento,
906 1754 1231 1822 litteralique
1259 1773 1317 1805 ac
1345 1755 1565 1806 seculari
1590 1756 1797 1823 argutia
1820 1757 1936 1824 pol-

199 1834 331 1899 lens,
382 1854 502 1887 cum
550 1838 740 1888 abbate
790 1837 955 1888 sancti
999 1837 1199 1889 Albani
1244 1846 1465 1906 cognato
1505 1858 1600 1890 suo
1646 1839 1936 1892 Gausfrido

199 1919 411 1970 nomine
455 1920 767 1989 aliquandiu
814 1921 871 1972 in
922 1920 1122 1989 Anglia
1179 1931 1456 1985 manserat,
1518 1922 1803 1992 fratrisque
1853 1924 1935 1975 sui

199 2002 461 2054 industria
493 2005 693 2072 regiam
731 2005 1085 2073 cognitionem
1123 2014 1177 2055 et
1209 2024 1490 2073 procerum
1525 2006 1758 2057 favorem
1796 2007 1936 2058 obti-

154 2109 156 2111 ’
199 2095 404 2139 nuerat.
479 2087 585 2138 Die
630 2087 795 2156 igitur
837 2088 911 2139 vio
947 2089 1133 2139 iduum
1184 2088 1425 2139 Januarii
1465 2089 1681 2153 electuS‚
1724 2090 1937 2141 demum
1955 2110 2035 2141 Jan.
2053 2114 2084 2142 8.

198 2188 320 2221 cum
360 2170 558 2222 honore
603 2172 802 2235 debito,
846 2172 1129 2223 comitante
1168 2173 1414 2241 episcopo
1458 2171 1776 2225 Cicestrensi
1818 2174 1936 2225 Sei-

199 2254 356 2319 frido,
394 2256 534 2324 apud
562 2256 834 2307 ecclesiam
855 2255 998 2308 Belli
1024 2257 1080 2307 ii.
1108 2257 1228 2308 idus
1254 2256 1287 2307 J
1289 2257 1493 2308 anuarii
1515 2265 1594 2308 est
1619 2267 1911 2327 susceptus.
1956 2279 2035 2310 Jan.
2055 2282 2105 2310 12.

272 2338 606 2390 Praelationis
652 2358 775 2408 ergo
818 2348 1130 2391 consecutus
1188 2341 1407 2409 apicem,
1447 2341 1612 2409 coepit
1649 2343 1940 2410 prudenter

200 2423 436 2474 ecclesiae
460 2423 794 2492 profectibus
818 2424 964 2475 intus
990 2433 1045 2475 et
1072 2432 1225 2475 extra
1250 2424 1540 2492 invigilare.
1600 2424 1676 2475 Et
1702 2426 1940 2492 quamvis

201 2515 330 2558 tunc
356 2508 608 2576 temporis
634 2507 1010 2559 dissidentibus
1036 2508 1176 2558 inter
1210 2527 1263 2558 se
1298 2507 1606 2576 proceribus
1631 2509 1799 2576 regni,
1829 2517 1942 2561 tota

201 2590 438 2658 undique
473 2589 661 2658 patriae
704 2590 920 2642 libertas
978 2598 1033 2641 et
1057 2591 1348 2659 opulentia,
1395 2592 1837 2643 conturbantibus
1881 2612 1939 2644 ac

201 2674 616 2725 distrahentibus
652 2674 937 2736 malevolis,
984 2675 1076 2742 qui
1116 2675 1261 2742 regia
1299 2675 1658 2726 abutebantur
1712 2677 1943 2744 simplici

202 2758 625 2820 mansuetudine,
654 2776 823 2809 scaevo
850 2759 1097 2827 exemplo
1127 2778 1224 2827 pro
1257 2759 1419 2809 libitu
1445 2760 1684 2822 cederet3
1721 2761 1834 2829 ipse
1862 2769 1940 2811 ta-

195 2860 320 2892 men
340 2848 394 2892 et
413 2841 648 2893 ecclesiae
669 2842 939 2894 thesauros
959 2851 1228 2910 terrasque
1246 2862 1303 2893 ac
1323 2843 1613 2906 libertateS,
1631 2844 1940 2912 regalesque

200 2926 611 2977 consuetudines
661 2926 833 2977 eidem
899 2926 1183 2995 delegatas,
1252 2927 1391 2977 inter
1440 2935 1615 2978 tantos
1664 2928 1941 2978 turbinum

202 3010 396 3061 fluctus
421 3010 752 3061 inviolabiles
779 3011 971 3061 servari
996 3010 1222 3061 viriliter
1248 3011 1541 3061 insistebat.
1583 3010 1699 3061 Nec
1726 3011 1774 3061 ei
1800 3030 1942 3061 sum-

201 3109 287 3142 ma
307 3092 477 3143 defuit
499 3093 685 3161 pietas,
713 3094 840 3144 dum
863 3113 1043 3162 regem
1076 3094 1289 3144 omnino
1319 3094 1423 3162 ipsi
1449 3102 1503 3144 et
1525 3094 1625 3144 sibi
1652 3094 1942 3144 commissae

199 3175 435 3226 ecclesiae
454 3177 704 3227 devotum
730 3184 785 3227 et
803 3186 1158 3244 protectorem
1184 3197 1293 3228 esse
1320 3178 1654 3228 obtinuisset.

275 3259 387 3309 Sub
426 3259 615 3310 iisdem
652 3260 834 3327 itaque
861 3261 1046 3311 diebus
1086 3269 1400 3329 tempestate
1440 3260 1780 3328 praevalente,
1820 3279 1942 3311 con-

204 3341 327 3410 tigit
367 3361 552 3394 navem
579 3344 859 3412 quandam,
907 3343 1061 3394 variis
1085 3343 1388 3411 sumptibus
1417 3342 1682 3405 refertam,
1721 3344 1784 3393 de
1826 3343 1944 3394 Ru*-

202 3426 390 3488 menel,
438 3435 578 3478 terra
625 3427 1005 3494 archiepiscopi
1058 3425 1377 3488 Cantuariae,
1424 3445 1582 3494 supra
1625 3435 1816 3477 terram
1859 3445 1945 3477 ec-

204 3509 379 3561 clesiae
419 3511 482 3560 de
523 3510 676 3561 Bello
708 3511 764 3560 in
791 3510 1187 3577 Dengemareis,
1216 3510 1453 3562 membro
1479 3510 1543 3560 de
1570 3510 1681 3572 Wi,
1710 3509 1947 3561 confrac-

206 3600 329 3657 tam,
391 3593 696 3646 hominibus
754 3594 847 3645 vix
922 3593 1285 3656 evadentibUS,
1359 3594 1565 3662 jactari.
1661 3593 1947 3646 Sciendum

1705 3695 1735 3729 F
