2398 4152
659 449 1025 492 MONAs'rERn
1045 451 1048 453 ·
1067 449 1146 490 DE
1189 448 1394 489 BELLo.
1788 434 1887 485 121

170 573 531 642 episcopatum
592 575 876 640 promoto,¹
928 570 1142 639 quidam
1190 569 1358 639 ipsius
1406 568 1548 620 filius
1575 567 1782 619 Alanus
1831 567 1895 618 de

170 658 460 726 BellafagO,
488 656 760 708 ecclesiam
797 657 861 708 de
889 655 1196 719 Brantham,
1226 672 1347 724 quae
1373 674 1479 706 una
1503 662 1586 706 est
1612 672 1682 705 ex
1709 653 1896 705 dotali-

20 762 63 814 ᾗ,
167 742 269 793 bus
307 739 559 802 ecclesiis,
599 739 890 808 occupavit.
968 738 1315 807 Praesumpsit
1350 738 1450 789 hoc
1477 737 1586 789 sola
1609 737 1775 806 patris
1812 736 1895 788 sui

167 824 344 875 minus
387 822 635 874 canonica
673 822 1003 885 auctoritate,
1050 822 1143 890 qui
1186 821 1495 873 sacramenti
1537 827 1591 871 et
1626 819 1896 888 religionis

170 906 386 969 oblitus,
410 906 627 957 eandem
653 905 754 956 sibi
778 905 939 974 paulo
963 913 1085 956 ante
1123 905 1178 955 in
1203 904 1585 973 possessionem
1606 904 1894 971 redegerat,

17 949 62 1028 ἓ
170 1008 333 1058 seque
369 990 486 1058 ejus
535 996 789 1056 tanquam
836 1006 1112 1056 personam
1159 988 1391 1054 gerebat.
1469 986 1571 1038 Cui
1619 986 1896 1037 temerarie

31 1063 63 1142 ’ζ
168 1073 310 1124 filius
344 1071 786 1141 ejus-succedens,
812 1070 1105 1121 hereditate
1139 1069 1417 1121 videbatur
1449 1069 1716 1137 possidere
1753 1086 1897 1119 sanc-

13 1143 66 1234 ,ζί
170 1156 403 1207 tuarium
429 1154 552 1206 Dei.
631 1153 959 1204 Succedente
985 1161 1106 1221 post
1142 1152 1427 1214 modicum,
1456 1151 1635 1202 abbati
1663 1150 1897 1201 Radulfo

40 1270 58 1319 5
164 1240 277 1308 jam
302 1238 570 1301 defuncto,
598 1237 788 1287 abbate
814 1235 1114 1299 Warnerio‚
1132 1234 1385 1286 defuncto
1412 1233 1572 1284 etiam
1596 1252 1719 1301 rege
1748 1233 1898 1284 Hen-

169 1321 277 1373 rico
300 1320 488 1389 primo,
517 1337 638 1370 cum
661 1337 760 1369 rex
800 1317 1100 1386 Stephanus
1126 1336 1180 1368 se
1205 1317 1355 1385 regni
1381 1334 1732 1368 successorem
1754 1316 1900 1384 inge-

171 1411 329 1468 reret,
357 1421 485 1472 pace
510 1401 839 1471 temporibus
863 1401 971 1452 suis
995 1420 1026 1451 a
1048 1419 1210 1468 regno
1237 1399 1468 1462 exclusa,
1497 1399 1783 1468 direptioni
1809 1418 1900 1467 pa-

2 1487 68 1582 ,ἐ
146 1488 356 1544 „tebant
380 1486 571 1537 omnia.
641 1484 875 1536 Summae
904 1492 1031 1535 tunc
1059 1483 1309 1552 temporis
1333 1483 1613 1534 videbatur
1639 1501 1750 1534 esse
1774 1501 1901 1551 pru-

29 1562 59 1665 }
174 1570 387 1633 dentiae,
415 1588 536 1620 cum
562 1568 681 1636 quis
717 1568 875 1619 rebus
901 1567 1010 1618 suis
1041 1568 1152 1636 jam
1179 1565 1418 1635 direptiS,
1446 1566 1599 1634 siqua
1620 1566 1757 1617 forte
1781 1574 1904 1635 post

46 1661 68 1696 ἲ*
173 1654 527 1724 direptionem
565 1660 892 1731 supererant,
935 1670 1002 1703 ne
1047 1659 1102 1702 et
1149 1651 1263 1719 ipsa
1300 1650 1658 1718 diriperentur
1694 1658 1907 1719 poterat

172 1755 492 1798 conservare,
521 1736 646 1803 quia
677 1736 790 1804 jam
826 1735 1032 1803 direpta
1067 1752 1309 1786 revocare
1336 1734 1549 1784 omnino
1576 1742 1688 1785 erat
1712 1735 1907 1802 impos-

175 1821 345 1872 sibile.
422 1819 778 1888 Percipiebat,
803 1818 901 1870 hac
925 1817 1234 1869 hostilitatis
1263 1825 1595 1886 tempestate,
1622 1818 1827 1868 fructus
1854 1825 1909 1868 et

54 1972 58 1977 ὓ
173 1903 430 1956 beneficia
468 1902 704 1955 ecclesiae
747 1903 812 1953 de
855 1902 1147 1953 Brantham
1179 1900 1386 1952 Alanus
1422 1901 1487 1951 de
1524 1901 1817 1969 BellafagO,
1855 1919 1909 1951 se

17 2017 26 2023 -—
51 1995 55 2034 .’
98 2031 102 2035 .
174 1987 341 2057 ipsius
367 1995 620 2054 tanquam
656 2003 935 2055 personam
971 2003 1174 2052 gerens,
1203 1991 1257 2034 et
1281 1983 1409 2034 licet
1433 1983 1743 2051 frequenter
1769 2002 1910 2035 com-

5 2074 6 2081 ’
174 2071 424 2133 monitus,
452 2070 519 2121 ad
557 2068 983 2120 satisfaciendum
1027 2067 1243 2118 minime
1284 2067 1564 2119 consensit.
1643 2067 1912 2121 Quoniam

178 2154 344 2223 igitur
368 2153 516 2204 nulla
540 2160 653 2204 erat
677 2152 845 2204 virtus
882 2149 1121 2217 cogendi,
1149 2149 1312 2201 dilata
1352 2157 1432 2200 est
1468 2168 1565 2217 pro
1602 2150 1912 2201 necessitate

178 2237 430 2306 temporis
465 2235 634 2287 omnis
674 2235 920 2286 adversus
964 2252 1086 2284 eum
1126 2232 1280 2296 actio,
1324 2232 1367 2282 si
1405 2231 1542 2283 forte
1579 2232 1914 2283 succedentia

176 2328 413 2388 tempora
449 2317 674 2387 expulsa
708 2317 1003 2368 hostilitate
1043 2314 1247 2383 aliquid
1270 2314 1415 2382 pacis
1442 2333 1618 2366 secum
1646 2316 1912 2368 deferrent

180 2411 340 2470 atque
360 2401 607 2471 justitiae.

247 2484 602 2537 Renuntiavit
625 2489 831 2552 sponte,
859 2481 957 2532 sub
983 2480 1080 2531 hac
1103 2480 1291 2549 patriae
1318 2481 1639 2543 turbatione,
1666 2481 1912 2549 regimini
1934 2497 2048 2530 Abbot

177 2569 406 2620 abbatiae
433 2568 497 2619 de
526 2567 680 2618 Bello
705 2566 866 2617 abbas
892 2564 1223 2626 Warnerius‚
1247 2564 1333 2615 cui
1358 2573 1481 2633 post
1504 2566 1770 2616 modicum
1796 2585 1912 2618 suc·
1933 2540 2141 2612 vviZiisseffhese

176 2651 335 2703 cessit
358 2651 438 2702 vir
474 2648 788 2701 venerabilis
826 2647 987 2698 abbas
1012 2646 1324 2697 Walterius.
1401 2647 1675 2700 Defuncto
1712 2649 1916 2701 interea
1934 2621 2109 2654 churches.

176 2754 300 2803 rege
331 2733 619 2803 Stephano,
649 2740 703 2782 et
737 2749 861 2798 rege
903 2729 1138 2781 Henrico
1174 2729 1403 2780 secundo
1445 2731 1754 2794 substituto,
1795 2751 1916 2784 cum

172 2819 283 2887 jam
308 2818 364 2868 in
387 2834 549 2885 regno
575 2833 685 2884 pax
710 2814 1047 2882 aliquatenus
1086 2820 1224 2863 esset
1248 2812 1549 2876 reformata,
1577 2815 1736 2865 abbas
1761 2815 1913 2866 Wal-

177 2901 340 2952 terius
363 2899 658 2951 commissae
679 2898 781 2950 sibi
801 2896 1038 2948 ecclesiae
1059 2896 1225 2964 coepit
1246 2896 1523 2947 sollicitius
1544 2915 1722 2948 curam
1743 2917 1913 2966 agere.

237 3055 250 3079 ¹
282 3055 350 3097 He
371 3055 407 3097 is
428 3054 563 3097 called
592 3054 649 3111 by
666 3052 848 3096 Godwin
869 3054 896 3076 “
910 3053 1001 3094 Gu-
1086 3066 1171 3094 was
1193 3051 1265 3094 the
1296 3051 1448 3107 King’s
1470 3051 1662 3108 chaplain
1683 3066 1695 3103 ;
1726 3051 1918 3107 appoint-

179 3111 345 3154 lielmus
363 3110 607 3167 Galsagus''
632 3110 692 3167 (p.
706 3111 826 3166 426),
841 3109 1002 3164 though
1087 3109 1139 3150 ed
1179 3117 1223 3150 to
1258 3108 1331 3150 the
1365 3108 1531 3150 diocese
1563 3109 1611 3150 of
1634 3108 1837 3150 Thetford
1873 3108 1918 3150 in

180 3169 252 3211 the
288 3167 496 3210 Lambeth
531 3168 642 3219 MS.,
678 3166 835 3223 quoted
865 3167 909 3207 in
930 3166 1002 3207 the
1089 3168 1232 3216 1085;
1276 3165 1546 3207 consecrated
1585 3165 1657 3207 the
1728 3179 1797 3206 ear
1835 3165 1917 3206 fol-

181 3233 301 3268 notes
322 3226 368 3267 of
385 3224 684 3267 Richardson's
701 3223 1003 3277 edition‚gives
1085 3221 1241 3277 lowing
1268 3221 1326 3278 by
1357 3221 1564 3263 Lanfranc
1584 3237 1595 3273 3
1632 3236 1684 3262 an
1742 3221 1840 3263 died
1874 3222 1917 3263 in

179 3281 268 3324 him
291 3282 362 3324 the
382 3282 494 3338 right
515 3295 639 3323 name
662 3280 714 3322 de
735 3279 912 3334 Belfago
930 3295 941 3330 3
959 3279 1001 3320 in
1089 3281 1214 3320 1091.
1276 3277 1327 3319 In
1363 3278 1598 3334 Spelman’s
1633 3278 1835 3334 Glossary
1862 3278 1917 3320 he

183 3338 374 3395 English,
407 3338 628 3380 Bewfewe.
707 3337 758 3378 In
792 3335 1003 3376 Wharton
1088 3335 1124 3376 is
1146 3335 1294 3390 placed
1331 3334 1375 3375 in
1410 3335 1481 3376 the
1502 3335 1574 3377 list
1605 3335 1651 3377 of
1679 3335 1751 3376 the
1775 3335 1916 3376 Chan-

181 3395 268 3437 also
291 3396 420 3451 (Ang.
443 3395 536 3437 Sac.
557 3395 585 3437 i.
618 3393 738 3449 406),
769 3392 836 3433 his
860 3392 1003 3433 Chris·
1088 3391 1240 3433 cellors
1264 3391 1386 3447 (with
1418 3392 1489 3433 the
1525 3406 1649 3433 name
1676 3392 1724 3433 of
1740 3391 1914 3434 Wilson

180 3452 267 3494 tian
301 3466 423 3494 name
460 3452 496 3494 is
527 3451 693 3493 written
717 3449 926 3502 William,
949 3464 1002 3490 on
1090 3463 1134 3489 or
1158 3448 1340 3504 Velson)
1372 3449 1505 3490 under
1526 3448 1597 3490 the
1634 3463 1734 3504 year
1769 3452 1913 3501 10843

181 3508 251 3550 the
283 3508 496 3564 authority
526 3509 573 3549 of
600 3523 625 3549 a
653 3506 904 3562 Chartulary
932 3505 1002 3546 be·
1092 3519 1134 3561 p.
1160 3508 1257 3547 109.

179 3564 350 3620 longing
388 3571 431 3607 to
466 3564 648 3606 Binham
691 3563 851 3618 Priory.
933 3562 1002 3604 He
