2398 4152
715 471 1079 515 MONASTERII
1124 472 1201 511 DE
1245 471 1445 511 BELLo.
1878 458 1947 507 83

1283 596 1294 615 9

217 599 462 652 abbatem
501 597 578 648 ita
619 597 881 650 convenit.
958 601 992 625 “
1011 596 1277 660 Domine,’
1331 594 1510 663 inquit
1550 595 1728 657 abbaS‚
1776 597 1811 621 “
1828 612 1951 645 con·
1970 613 2216 646 'rheneanre-

216 683 453 752 gregatio
494 682 609 733 haec
654 681 920 733 scedulam
949 700 981 733 a
1003 681 1152 732 vobis
1189 689 1405 750 propter
1437 680 1838 748 ambiguitatem
1863 698 1950 731 su·
1969 655 2136 739 5334&

214 767 394 837 perius
413 766 562 818 vobis
587 766 844 817 indictam
867 766 1124 834 perscribi
1150 775 1205 816 et
1231 766 1288 815 in
1312 764 1531 816 ecclesia
1550 764 1645 815 hac
1672 765 1728 815 in
1753 783 1950 815 memo-

215 850 349 902 riam
372 850 777 903 conservandam
801 849 989 916 exigit,
1029 866 1136 916 quo
1163 848 1306 899 omni
1332 847 1578 916 deinceps
1602 847 1949 915 ambiguitate

218 934 441 996 detersa,
480 933 605 984 huic
648 941 841 983 sanctae
867 931 1100 983 ecclesiae
1141 949 1262 999 quae
1298 932 1421 999 jure
1460 949 1490 982 a
1514 940 1684 982 vestra
1706 931 1952 983 fraterni-

218 1025 327 1068 tate
353 1025 409 1068 et
432 1035 462 1067 a
486 1016 872 1068 successoribus
896 1015 1084 1066 vestris
1111 1015 1371 1065 debentur
1395 1015 1785 1083 impendantur.
1836 1015 1950 1067 Nos

217 1101 400 1169 itaque
476 1099 696 1151 ecclesia
764 1118 963 1163 sumus,
1027 1099 1275 1167 episcopo
1329 1099 1614 1150 decedente
1676 1117 1950 1167 permane-

217 1184 412 1247 bimus,
454 1191 510 1234 et
550 1183 647 1234 hac
688 1183 752 1234 de
787 1201 943 1234 causa
982 1182 1082 1234 hoc
1108 1201 1138 1233 a
1165 1181 1315 1233 vobis
1341 1182 1659 1249 exigimuS.”
1733 1182 1948 1234 Abbate
1970 1196 2105 1268 {meme
2121 1196 2189 1227 Ab·

218 1287 341 1337 ergo
365 1268 628 1320 renitente
652 1286 750 1318 nec
776 1267 973 1318 eisdem
998 1267 1336 1329 assentiente,
1355 1285 1475 1317 cum
1496 1267 1590 1318 diu
1609 1267 1951 1334 persisterent
1969 1242 2157 1311 Jgiei'fffle'

217 1371 314 1403 nec
362 1351 645 1420 quicquam
680 1351 1015 1420 proficerent,
1055 1351 1281 1401 decanus
1323 1351 1568 1402 abbatem
1597 1351 1710 1402 fixo
1734 1351 1791 1402 in
1833 1370 1949 1402 sen-

218 1435 388 1487 tentia
426 1454 522 1487 sua
542 1434 823 1504 persistere
860 1435 1043 1503 gradu,
1071 1434 1230 1485 simul
1255 1434 1415 1485 etiam
1438 1434 1496 1484 in
1519 1434 1598 1485 nil
1626 1435 1950 1503 proficiendo

218 1519 364 1572 diem
406 1538 477 1570 ex
534 1519 769 1571 maxima
813 1538 1110 1588 expensum
1149 1527 1297 1587 parte
1344 1518 1684 1588 perspicienS,
1736 1520 1950 1571 tandem

219 1622 488 1656 murmure
538 1603 738 1665 sedato,
778 1603 861 1655 his
899 1603 1076 1654 verbis
1110 1602 1398 1655 conclusit:
1453 1607 1487 1631 ‘⁶
1515 1603 1829 1666 DominuS,”
1870 1603 1950 1654 in-
1971 1614 2044 1646 'rhe
2060 1616 2157 1646 Dean

220 1687 356 1757 quit,
397 1691 432 1715 “
457 1696 654 1750 noster,
711 1687 990 1756 episcopus
1056 1695 1253 1750 noster,
1314 1694 1494 1756 pastor
1558 1695 1753 1751 noster,
1799 1695 1952 1756 pater
1971 1656 2226 1729 ἓῖἶῖιιῑῖἀιῗῗῑῗιδξ

218 1779 398 1824 noster
436 1771 696 1836 Hilarius,
737 1790 960 1840 persona
995 1771 1189 1822 litteris
1230 1778 1286 1822 et
1324 1771 1562 1822 moribus
1590 1771 1815 1840 egregia,
1855 1738 2208 1853 110-ξὲἒὲῐῖῗῖἔο

219 1863 384 1918 nesta,
429 1855 692 1923 religiosa,
733 1855 888 1907 nobis
929 1855 1202 1924 discipulis
1236 1854 1343 1906 suis
1369 1863 1620 1922 tanquam
1656 1855 1781 1907 filiis
1817 1855 1952 1906 hanc
2078 1830 2113 1861 P·

219 1939 443 1991 formam
504 1939 787 1991 verborum
848 1957 990 1989 mare
1042 1938 1300 1989 transiens
1347 1938 1583 2001 tradidit,
1634 1939 1731 1990 hac
1779 1938 1951 1990 forma

219 2023 496 2087 instruxit,
536 2023 895 2092 praemunivit,
940 2022 1213 2091 praecepit,
1252 2022 1503 2090 quatinus
1527 2041 1636 2086 VOS,
1663 2023 1949 2074 reverende

219 2115 371 2177 pater
395 2115 450 2158 et
474 2107 653 2170 abbas,
673 2100 784 2157 'hac
824 2107 1246 2174 aggrederemur,
1288 2105 1803 2168 circumveniremus,
1844 2124 1951 2174 quo

219 2191 373 2243 nobis
398 2198 454 2242 et
479 2190 713 2242 ecclesiae
737 2189 862 2241 huic
889 2189 1157 2241 scedulam
1183 2208 1342 2257 quam
1367 2209 1398 2241 a
1432 2198 1606 2241 vestra
1628 2190 1951 2258 paternitate

222 2274 488 2343 exigimus
529 2274 942 2343 perscriberetiS.
1025 2273 1140 2325 Nos
1176 2292 1316 2336 vero,
1351 2281 1415 2324 ut
1440 2274 1575 2324 tanti
1611 2273 1776 2341 patris
1802 2274 1954 2325 decet

220 2358 375 2421 filios,
409 2358 692 2428 praeceptis
732 2358 1053 2420 insistentes,
1095 2357 1195 2408 hoc
1221 2376 1252 2407 a
1279 2357 1428 2408 vobis
1451 2357 1730 2424 exigimus.
1808 2357 1955 2410 Quia

220 2441 387 2510 igitur
410 2451 598 2494 vestrae
622 2460 731 2494 non
754 2442 930 2510 placet
952 2441 1203 2492 minervae
1232 2448 1296 2491 ut
1332 2441 1485 2492 nobis
1519 2441 1662 2508 quod
1688 2440 1953 2508 exigimus

221 2525 544 2595 perficiatur,
593 2545 690 2577 nos
738 2525 838 2576 hoc
887 2525 945 2575 in
992 2525 1230 2575 medium
1277 2525 1647 2593 relinquimus,
1698 2534 1753 2576 et
1813 2525 1952 2594 patri

221 2617 402 2660 nostro
428 2609 604 2661 omnia
645 2609 838 2661 litteris
880 2609 1074 2660 nostris
1100 2616 1154 2659 et
1177 2609 1367 2660 nuntio
1392 2610 1832 2673 renuntiabimus,
1860 2628 1955 2660 ex-

222 2701 494 2762 pectantes
537 2711 696 2762 super
727 2693 826 2744 hoc
853 2694 967 2762 ejus
991 2693 1439 2762 rescriptionem.”

298 2777 419 2829 Hoc
454 2777 614 2840 dicto,
652 2777 874 2845 singulis
909 2778 1140 2840 dissono,
1168 2796 1276 2828 non
1308 2778 1507 2847 absque
1533 2778 1779 2846 strepitu,
1813 2795 1957 2827 mur-

225 2879 374 2912 mure
429 2861 556 2914 huic
608 2861 1032 2924 mussitantibus,
1087 2862 1438 2914 excutiuntur
1498 2862 1727 2925 sedibuS,
1778 2861 1956 2929 sicque

226 2945 400 2997 soluta
425 2945 675 2997 concione
717 2945 824 2996 suis
861 2945 1061 3013 quique
1102 2946 1318 3013 agendis
1352 2965 1565 3014 operam
1601 2945 1955 2997 accommoda-

227 3046 366 3081 vere.
441 3028 626 3081 Abbas
652 3048 826 3080 coram
858 3029 1020 3080 altare
1055 3039 1248 3081 sanctae
1285 3029 1560 3081 Trinitatis
1598 3029 1794 3080 ibidem
1819 3028 1958 3078 facta

227 3112 460 3164 oratione
495 3121 551 3164 et
582 3122 777 3165 sanctae
803 3114 970 3165 crucis
1001 3113 1240 3164 munitus
1275 3112 1561 3181 signacu10,
1602 3131 1722 3164 cum
1759 3111 1867 3163 suis
1892 3111 1959 3162 ad

227 3196 440 3265 propria
461 3215 700 3249 reversus
737 3205 832 3250 est.
909 3197 1190 3265 Reputans
1214 3196 1380 3264 igitur
1405 3205 1460 3247 et
1498 3196 1554 3246 in
1593 3214 1647 3246 se
1686 3196 1845 3247 abbas
1876 3213 1959 3245 re-

229 3280 461 3348 cogitans
500 3282 645 3350 quod
669 3281 733 3332 de
758 3280 840 3331 his
877 3275 980 3331 nisi
1013 3279 1175 3347 regali
1214 3279 1671 3330 determinatione¹
1709 3278 1829 3329 finis
1854 3296 1962 3329 non

288 3409 304 3436 ¹
326 3410 435 3453 This
451 3411 614 3454 formed
628 3411 702 3454 the
719 3410 894 3453 seventh
912 3416 1054 3452 enact—
1140 3408 1272 3450 under
1292 3423 1347 3450 an
1367 3407 1579 3462 interdict,
1600 3407 1779 3449 without
1796 3406 1962 3449 consul-

231 3473 346 3509 ment
373 3467 421 3510 of
435 3468 508 3511 the
530 3468 708 3511 Council
730 3475 773 3510 at
796 3467 1055 3519 Clarend0n3
1138 3466 1272 3508 tation
1320 3465 1447 3522 being
1487 3464 1578 3508 first
1606 3464 1692 3507 had
1740 3464 1844 3507 with
1887 3463 1961 3506 the

232 3523 323 3566 that
352 3539 407 3566 no
429 3540 508 3568 one
528 3525 622 3568 who
653 3525 754 3568 held
775 3525 820 3567 of
846 3525 919 3567 the
942 3524 1058 3580 King
1140 3523 1270 3579 King.

233 3580 277 3623 in
298 3582 447 3638 capite,
478 3597 554 3624 nor
574 3597 657 3639 any
678 3584 726 3625 of
739 3582 806 3625 his
827 3582 1057 3636 ministers‚
1198 3580 1298 3623 Add
1340 3587 1385 3622 to
1434 3579 1520 3622 this
1567 3579 1640 3622 the
1686 3580 1711 3604 “
1734 3579 1960 3636 Inquisitio

235 3637 385 3681 should
414 3640 468 3682 be
500 3640 896 3684 excommunicated
918 3654 963 3682 or
982 3646 1058 3696 put
1141 3638 1193 3680 de
1221 3637 1389 3692 juribus
1422 3652 1516 3693 quae
1545 3651 1663 3693 reges
1685 3637 1854 3693 Angliae
1888 3636 1963 3678 ha-

1718 3710 1791 3750 (³2
