2398 4152
470 475 503 523 2
979 481 1262 522 HISTORIA
1299 477 1708 519 FUNDATIONIS

468 607 652 658 mundi
679 606 888 657 climate
913 613 1076 673 prout
1101 602 1324 654 Lucifer
1349 610 1588 665 exortus,
1616 620 1740 653 cum
1763 603 1898 654 mira
1934 603 2217 669 industria,

465 711 562 762 per
587 690 694 742 Dei
730 688 972 758 gratiam,
997 686 1215 756 propria
1237 685 1579 750 liberalitate,
1607 704 1730 737 cum
1758 686 1986 739 Gallicae
2021 687 2218 758 nobili-

466 776 590 827 tatis
613 774 791 825 favore
826 780 1032 835 auctus,
1060 770 1421 839 principatum
1445 768 1723 839 proprium
1755 770 2079 824 hereditario
2114 772 2217 824 sibi

457 861 580 929 jure
625 878 656 909 a
697 866 848 927 patre
891 856 1140 907 relictum
1178 854 1409 905 feliciter
1449 854 1708 923 optinuit,
1752 863 1877 924 post
1915 856 2114 908 multos
2161 865 2218 909 et

462 944 768 994 innumeros
811 940 1173 1001 calamitatum
1223 938 1481 1001 turbineS,
1522 938 1660 990 illud
1707 947 1957 1008 potenter
2000 942 2216 993 tandem

462 1029 528 1080 ad
550 1045 766 1078 manum
798 1024 1111 1095 pacificavit.
1188 1022 1403 1074 Interea
1443 1041 1567 1074 vero
1606 1032 1662 1075 et
1704 1023 1950 1093 Anglicae
1989 1044 2216 1094 regnum

461 1111 779 1162 monarchiae
813 1110 985 1161 eidem
1012 1106 1136 1159 duci
1160 1105 1456 1170 Willelmo,
1484 1126 1515 1158 a
1545 1125 1642 1159 suo
1668 1108 2061 1177 consanguineo
2088 1128 2214 1179 rege

462 1195 726 1247 Edwardo
770 1215 798 1246 e
838 1194 1037 1246 mundo
1076 1191 1356 1260 migrante,
1391 1191 1714 1243 hereditario
1747 1192 1871 1261 jure
1910 1193 2215 1262 delegatum

459 1279 801 1347 relinquitur.
878 1278 1043 1333 Quod
1067 1294 1189 1328 cum
1212 1275 1483 1327 hostiliter
1507 1294 1539 1327 a
1563 1279 1689 1327 suo¹
1723 1277 1941 1346 perjuro
1981 1279 2215 1346 quodam

462 1362 700 1415 Haraldo
741 1364 1000 1426 invasum,
1035 1367 1358 1412 memoratus
1393 1360 1509 1411 dux
1541 1360 1804 1425 rescisset,
1839 1362 1908 1413 ad
1944 1361 2001 1413 id
2038 1362 2092 1413 vi
2128 1362 2215 1414 vel

459 1456 571 1498 arte
635 1448 1002 1510 obtinendum,
1067 1463 1286 1496 suorum
1348 1445 1572 1497 consilio
1635 1453 1691 1496 et
1751 1446 1958 1498 auxilio
2018 1446 2211 1512 fultus,

455 1532 692 1584 animum
718 1541 773 1584 et
795 1531 932 1582 vires
976 1528 1255 1581 convertit.
1334 1527 1512 1580 Classe
1554 1529 1721 1598 igitur
1762 1538 1947 1599 parata
1986 1530 2212 1600 ingenti,

454 1616 698 1685 plerique
749 1616 985 1679 comiteS,
1032 1612 1191 1665 multi
1240 1612 1466 1677 nobileS,
1516 1614 1677 1666 multi
1737 1614 1990 1679 illustres,
2051 1616 2212 1668 multi

455 1700 615 1751 etiam
653 1719 762 1752 non
801 1718 912 1751 suae
954 1699 1173 1751 ditionis
1213 1717 1459 1768 proceres
1500 1699 1585 1751 vel
1618 1700 1862 1764 barones,
1902 1700 1996 1752 sed
2034 1707 2090 1752 et
2137 1720 2210 1753 ex

453 1784 944 1854 circumjacentium
961 1784 1161 1835 finibus
1185 1783 1580 1852 provinciarum
1616 1784 1905 1849 innumeri,
1939 1803 2053 1837 sese
2091 1786 2210 1855 ejus

454 1869 730 1921 comitatui
769 1888 867 1939 pro
907 1868 1011 1921 sibi
1048 1869 1233 1920 innata
1272 1867 1557 1919 clementia
1595 1869 1979 1939 adjunxerunt.
2072 1868 2210 1923 Dux

453 1973 579 2023 ergo
624 1973 747 2005 cum
789 1954 1094 2006 incredibili
1138 1953 1399 2017 exercitu,
1446 1953 1627 2005 divino
1674 1953 1963 2005 comitante
2006 1953 2206 2020 favore,

449 2038 843 2106 navigationem
867 2056 1161 2107 aggressuS,
1187 2056 1440 2107 prospere
1484 2038 1702 2090 tandem
1744 2056 1913 2108 prope
1953 2046 2204 2103 castrum,

452 2124 740 2176 Pevenesel
777 2124 1000 2187 dictum,
1026 2122 1321 2192 applicuit2
1362 2160 2204 2178 ....................

451 2209 694 2261 exercitu
759 2228 856 2278 per
921 2208 1094 2260 litoris
1158 2206 1331 2277 spatia
1407 2207 1546 2259 late³
1635 2207 1923 2259 exilientes
1985 2207 2203 2278 Angliae

449 2294 694 2345 nonnulli
743 2294 1037 2362 gaudenter
1091 2292 1253 2344 tereri
1277 2329 1504 2344 ......
1533 2293 1676 2356 dere,
1737 2292 1965 2362 contigit
2013 2293 2205 2346 ducem

449 2397 478 2429 e
539 2379 660 2429 navi
720 2378 869 2429 exire
926 2414 1156 2430 ......
1208 2376 1266 2427 in
1326 2375 1520 2427 faciem
1589 2376 1870 2441 corruisse,
1929 2377 2203 2448 'litoreque

448 2482 574 2514 naso
617 2463 893 2515 vulnerato
942 2461 1281 2530 aliquantum
1330 2468 1627 2524 cruentato,
1688 2469 1884 2513 terram
1937 2463 2204 2531 protensis

446 2548 620 2616 primo
660 2546 1123 2615 comprehendisse
1167 2545 1432 2598 manibus·
1508 2543 1718 2597 Verum
1759 2564 1882 2597 cum
1923 2546 2048 2598 hinc
2087 2548 2202 2616 ple-

447 2632 602 2699 rique
656 2631 879 2682 infausti
931 2630 1157 2699 auspicii
1212 2630 1485 2681 fortunam
1536 2629 1878 2681 mussitantes
1923 2631 2203 2700 pertimes-

449 2724 643 2779 cerent,
671 2716 929 2767 intererat
954 2723 1010 2766 et
1035 2715 1243 2783 dapifer
1269 2715 1438 2779 ducis,
1467 2715 1783 2767 Willelmus
1807 2716 1966 2768 filius.
1981 2716 2201 2769 Osberti

449 2800 868 2868 cognominatus,
905 2800 985 2852 vir
1023 2799 1173 2851 mirae
1214 2800 1500 2869 probitatis
1526 2808 1582 2851 et
1604 2800 1927 2870 praepollens
1962 2801 2197 2871 ingenio,

450 2885 544 2952 qui
581 2903 709 2936 mox
743 2884 946 2936 animos
980 2885 1290 2936 nutantium
1326 2885 1562 2954 dejectos
1599 2885 1911 2955 hujusmodi
1948 2887 2200 2938 audacter

446 2969 699 3020 relevavit
748 2969 978 3020 oraculo.
1074 2968 1427 3033 “Desinite,”
1488 2968 1700 3038 inquid,
1766 2972 1802 2997 “
1823 2969 1942 3032 viri,
1980 2970 2098 3022 haec
2140 2971 2199 3023 in

446 3054 722 3105 adversum
772 3054 1131 3122 interpretari,
1191 3053 1319 3122 quia
1359 3053 1604 3123 profecto
1644 3044 1770 3105 hinc
1825 3055 2199 3123 prosperitatis

447 3139 602 3190 datur
644 3137 956 3207 auspicium.
1054 3138 1163 3190 Hic
1212 3138 1355 3191 enim
1410 3137 1664 3206 Angliam
1713 3138 1958 3206 utrisque
2004 3139 2197 3208 palmis

446 3222 778 3291 complexam
838 3222 1179 3291 conquisivit,
1228 3222 1552 3292 propriaque
1588 3223 1844 3291 progenie
1893 3223 2196 3276 hereditan-

503 3379 517 3404 1
549 3379 632 3434 Sic,
653 3394 727 3436 pro
747 3394 875 3424 servo·
898 3380 959 3438 (φ)
1357 3424 1400 3467 H
1427 3366 1573 3467 ³dTl’1is
1614 3368 1739 3435 tends
1792 3375 1836 3410 to
1874 3368 2195 3470 I{zonfiffmlzssffkn

503 3478 519 3501 2
551 3477 665 3518 Here
701 3492 726 3519 a
749 3493 843 3520 new
874 3479 964 3521 leaf
989 3478 1168 3536 begins;
1199 3480 1272 3523 the
1355 3439 1449 3524 didr
1473 3440 1548 3525 1370ss
1569 3433 1826 3526 eldiidoeliise'
1853 3433 1987 3541 {131th
2010 3441 2055 3526 ἱῗι
2111 3441 2194 3528 0ηὲ

445 3534 638 3589 previous
671 3549 748 3576 one
778 3535 854 3577 has
884 3536 1006 3578 been·
1024 3538 1271 3595 apparently
1353 3540 1583 3596 particular
1638 3547 1749 3598 spot,
1794 3541 1871 3584 but
1932 3541 1976 3583 in
2022 3543 2192 3585 various

444 3590 540 3655 lost.
582 3591 707 3656 ‘The
750 3592 952 3635 omission
988 3594 1024 3636 is
1060 3602 1135 3637 not
1171 3610 1270 3653 sup-
1381 3597 1496 3640 laces
1511 3598 1638 3655 along
1651 3598 1724 3641 the
1738 3607 1870 3642 coast.
1922 3599 2119 3641 William
2146 3599 2196 3642 of

443 3648 558 3703 phed
580 3663 622 3690 1n
643 3648 875 3705 Dugdale’s
897 3650 1184 3697 Monasticon.
1405 3655 1662 3714 almesbury,
1680 3656 1723 3700 ii.
1743 3659 1842 3711 412,
1866 3672 1906 3701 n.
1927 3657 1995 3701 ed.
2021 3657 2185 3715 Hardy.
