2398 4152
652 501 654 503 ,
688 447 1053 489 MoNAerRn
1096 447 1176 488 DE
1211 447 1418 488 BELLo.
1835 431 1865 489 '7
1872 435 1904 486 3

176 565 354 627 dicens
386 590 566 641 regem
604 572 719 641 pati
755 591 864 624 non
913 572 1105 624 debere
1148 570 1577 622 Cantuariensem
1613 568 1904 633 ecclesiam,

177 666 398 709 matrem
435 655 686 708 videlicet
723 656 891 707 totius
930 655 1159 723 Angliae,
1205 663 1260 706 et
1296 672 1392 723 per
1435 671 1594 722 quam
1633 652 1775 704 idem
1809 670 1908 704 rex

179 740 472 791 diademate
494 739 778 808 insignitus
802 739 1008 802 fuisset,
1034 756 1240 789 necnon
1265 747 1320 788 et
1338 737 1720 788 Cicestrensem
1744 735 1910 787 eccle-

179 822 309 874 siam
351 822 589 892 ejusdem
629 822 878 874 videlicet
915 822 1314 890 suffraganeam,
1341 821 1616 872 libertates
1651 828 1704 870 et
1740 819 1912 886 digni-

181 912 318 956 tates
360 906 425 957 ab
469 905 703 974 antiquis
761 905 1091 974 temporibus
1133 922 1396 973 possessas
1437 923 1535 973 pro
1585 903 1803 954 ecclesia
1847 903 1912 953 de

182 988 337 1040 Bello
380 1007 488 1040 non
513 997 677 1041 tantae
720 988 1051 1040 auctoritatis
1077 997 1132 1039 et
1156 987 1429 1055 dignitatis
1454 986 1731 1038 annullari.
1808 986 1915 1037 Ac-

182 1081 394 1141 ceperat
417 1090 645 1140 namque
666 1072 913 1122 abbatem
937 1070 1087 1121 illius
1108 1070 1212 1120 loci
1238 1078 1403 1121 cartas
1424 1077 1608 1121 contra
1632 1069 1916 1137 dignitates

184 1162 239 1206 et
276 1155 550 1206 libertates
589 1155 927 1206 ecclesiarum
951 1154 1324 1223 praedictarum
1347 1153 1658 1221 possedisse.
1744 1151 1919 1218 Flagi-

186 1246 297 1289 tare
338 1237 521 1306 itaque
561 1246 624 1289 ut
662 1238 778 1289 haec
821 1237 986 1305 regali
1027 1235 1240 1288 omnino
1265 1235 1562 1286 annullaret
1586 1235 1918 1297 auctoritate,

187 1330 280 1374 aut
312 1331 454 1372 carta
492 1321 697 1372 abbatis
734 1321 883 1390 regio
909 1329 1109 1372 careret
1144 1319 1335 1388 sigillo,
1378 1320 1543 1370 donec
1569 1337 1664 1369 suo
1690 1326 1923 1368 correcta

127 1457 129 1460 ,
192 1404 409 1456 consilio
450 1404 669 1456 ecclesia
694 1403 995 1456 Cantuariae
1029 1422 1237 1454 necnon
1263 1411 1318 1453 et
1345 1402 1616 1454 Cicestriae
1652 1404 1742 1471 jus
1768 1420 1923 1453 suum

191 1507 296 1540 non
337 1488 568 1540 amisisse
608 1489 916 1556 gauderent.
993 1488 1118 1539 Rex
1144 1487 1310 1555 igitur
1336 1487 1470 1538 tanti
1493 1487 1608 1550 viri,
1630 1494 1817 1555 utpote
1843 1486 1925 1536 sui

192 1572 356 1641 patris
387 1572 698 1641 spiritualis,
745 1579 799 1622 et
837 1591 868 1622 a
911 1591 1017 1640 quo
1062 1571 1356 1622 diademate
1400 1571 1565 1638 regali
1602 1571 1745 1621 haud
1768 1570 1924 1637 longe

193 1665 315 1709 ante
340 1655 516 1706 fuerat
539 1655 841 1723 insignitus,
868 1674 1105 1707 annuens
1128 1654 1407 1718 voluntati,
1426 1654 1735 1705 cancellario
1760 1653 1927 1705 accito

193 1740 339 1807 regio
363 1739 640 1808 prohibuit
663 1748 858 1790 cartam
899 1739 1104 1791 abbatis
1130 1739 1194 1790 de
1220 1738 1373 1790 Bello
1411 1739 1574 1807 regali
1599 1738 1773 1805 sigillo
1807 1755 1930 1788 con-

195 1823 408 1875 firmari.
485 1822 635 1876 Quid
682 1823 887 1873 multa?
962 1823 1066 1873 Per
1111 1822 1258 1890 vulgi
1308 1840 1398 1872 ora
1446 1822 1679 1890 dispersa
1726 1821 1931 1872 abbatis

197 1907 413 1958 auribus
450 1906 565 1957 haec
604 1925 827 1974 propere
852 1906 991 1956 fama
1014 1905 1214 1956 intulit.
1291 1905 1575 1956 Redeunte
1608 1905 1789 1973 itaque
1814 1904 1931 1955 luce

58 1989 67 1993 ”
119 2014 122 2018 ·
199 1991 359 2042 abbas
384 1989 583 2041 curiam
620 1989 768 2052 adiit,
806 1990 898 2040 sed
930 2007 1053 2057 rege
1079 1996 1327 2040 venatum
1352 1996 1511 2039 eunte
1537 1987 1614 2038 nil
1639 1987 1724 2038 die
1751 1988 1934 2038 eadem

199 2073 495 2143 proficienS‚
522 2073 590 2130 ad
612 2072 905 2141 hospitium
930 2091 1085 2123 suum
1105 2088 1342 2122 reversus
1365 2079 1460 2124 est.
1538 2070 1796 2139 Sequenti
1815 2071 1934 2122 luce

201 2177 409 2210 summo
427 2176 578 2209 mane
604 2158 764 2208 abbas
789 2157 982 2208 iterum
999 2156 1531 2208 Westmonasterium
1556 2156 1730 2224 petiit,
1753 2155 1936 2223 ibique

204 2261 376 2294 coram
414 2242 576 2293 altare
618 2260 723 2309 quo
761 2260 861 2292 rex
897 2241 1109 2292 missam
1152 2249 1264 2291 erat
1307 2240 1583 2291 auditurus
1616 2239 1936 2308 opperiens,l

204 2316 385 2376 multis
427 2332 604 2376 mente
645 2324 815 2375 modis
856 2324 1116 2387 volvebat,
1163 2324 1294 2391 quid
1319 2343 1475 2392 super
1497 2323 1595 2374 hac
1619 2342 1675 2374 re
1701 2324 1937 2374 facturus

211 2417 363 2460 esset.
440 2407 777 2459 Adveniente
817 2427 940 2476 rege
983 2417 1044 2459 ut
1082 2407 1293 2458 missam
1331 2407 1556 2469 audiret,
1606 2415 1727 2475 post
1761 2407 1935 2458 missae

206 2491 484 2543 introitum
544 2492 704 2542 abbas
760 2510 940 2559 regem
988 2491 1319 2553 convenienS,
1362 2494 1395 2517 “
1422 2490 1704 2553 Domine,’'
1742 2490 1936 2558 inquit,

209 2580 245 2604 “
272 2584 443 2627 vestra
503 2583 829 2644 praeceperat
869 2575 1189 2625 excellentia
1231 2582 1425 2625 cartam
1468 2574 1700 2625 ecclesiae
1743 2583 1939 2624 nostrae

209 2659 382 2727 sigillo
407 2658 701 2709 confirmari
739 2658 903 2726 regio,
945 2659 1037 2709 sed
1076 2677 1180 2726 qua
1222 2658 1285 2708 de
1315 2676 1468 2708 causa
1505 2658 1767 2726 repulsam
1791 2676 1944 2726 passa

211 2744 281 2795 sit
323 2743 525 2810 ignoro.
617 2741 815 2792 Jubeat
863 2741 1028 2809 igitur
1072 2741 1351 2792 clementia
1398 2749 1570 2792 vestra
1616 2749 1678 2792 ut
1725 2742 1943 2792 verbum

210 2827 417 2895 regium
457 2826 569 2876 fixo
610 2833 713 2876 stet
753 2825 937 2893 gradU,
982 2844 1079 2876 nec
1125 2844 1218 2893 pro
1259 2827 1571 2894 cujusquam
1605 2824 1802 2875 invidia
1827 2843 1943 2891 pes-

214 2910 442 2962 sumdari
489 2908 780 2960 videatur.’'
855 2907 1047 2959 Accito
1096 2908 1277 2975 itaque
1328 2908 1637 2959 cancellario
1687 2907 1944 2975 praecepit

214 3013 311 3045 rex
349 3002 411 3044 ut
436 3001 576 3044 carta
618 2991 823 3043 abbatis
862 2992 1022 3060 sigilli
1058 2993 1139 3042 sui
1165 2992 1561 3042 confirmaretur
1585 2989 1943 3058 impressione.

217 3076 461 3128 Necdum
508 3076 668 3126 verba
708 3075 1075 3142 compleverat,
1118 3085 1172 3125 et
1221 3093 1338 3125 ecce
1384 3074 1658 3142 episcopus
1696 3071 1947 3122 festinato

220 3160 401 3227 gradu,
442 3159 576 3209 illud
612 3167 675 3208 ut
714 3166 826 3208 erat
874 3167 1051 3208 mente
1097 3158 1391 3226 suspicatus
1434 3175 1724 3218 accurrens,
1769 3174 1949 3222 regem

217 3242 308 3292 tali
347 3243 537 3293 affatur
562 3240 827 3308 colloquio
851 3260 861 3291 z
903 3245 937 3267 “
959 3240 1188 3290 Domine
1229 3240 1319 3302 mi,
1346 3239 1642 3289 meminisse
1670 3239 1820 3288 decet
1846 3237 1950 3288 cle-

221 3325 469 3377 mentiam
487 3333 712 3376 vestram
738 3324 878 3374 unde
905 3323 1290 3373 nudiustertius
1319 3321 1633 3373 venerabilis
1652 3320 1950 3372 Cantuariae

226 3409 643 3477 archiepiscopus
684 3415 738 3457 et
776 3425 871 3474 ego
899 3406 1279 3473 querimoniam
1320 3424 1492 3455 coram
1517 3404 1664 3455 vobis
1705 3404 1951 3472 deposui-

222 3511 356 3555 mUS,
383 3493 445 3543 de
471 3493 660 3542 abbate
687 3490 888 3540 scilicet
914 3490 977 3539 de
1006 3489 1158 3539 Bello
1191 3488 1283 3555 qui
1310 3498 1491 3539 contra
1525 3487 1807 3554 dignitates
1833 3505 1951 3537 nos-

418 3600 429 3625 ¹
463 3600 554 3643 The
576 3600 729 3655 King's
747 3598 859 3655 daily
880 3599 1074 3655 practice,
1097 3597 1319 3653 according
1335 3607 1377 3638 to
1400 3596 1524 3639 Peter
1552 3596 1599 3639 of
1627 3595 1758 3639 Blois.
