2398 4152
158 2607 196 2630 Α.
210 2606 247 2629 1).
266 2600 358 2635 1087.

158 2639 311 2671 william
325 2641 353 2671 1.

161 2680 245 2721 dies,
263 2683 357 2722 Sept.
374 2683 407 2717 9.

434 441 503 493 36
928 453 1208 494 HISTORIA
1251 451 1665 493 FUNDATIONIS

433 579 572 641 saliS,
601 587 656 629 et
693 578 853 629 etiam
879 578 1060 629 decem
1085 577 1290 629 modios
1314 576 1443 640 vini,
1472 595 1607 645 quos
1643 576 1723 627 illi
1761 576 1924 629 abbas
1950 576 2182 629 Fiscam‘-

432 663 608 714 nensis
634 662 856 730 singulis
881 662 1033 713 annis
1057 662 1331 724 reddebat,
1358 680 1456 730 pro
1483 662 1712 730 quadam
1746 669 1886 713 terra
1925 680 2086 730 quam
2115 661 2181 712 de

432 746 526 798 illo
550 746 857 815 possidebat
883 745 1412 814 Wurmincgeherste
1437 746 1693 808 nomine,¹
1722 764 1890 815 prope
1917 745 2194 814 Langlen-

434 839 564 883 tune
590 830 762 882 sitam.
839 830 945 881 Pro
973 831 1206 899 quodam
1233 830 1395 882 etiam
1419 830 1594 882 milite
1617 849 1733 893 suo,
1763 829 2061 881 Hanselino
2085 838 2182 880 no'-

431 917 593 979 mine,
614 915 772 967 aliam
790 914 971 966 hidam
987 922 1159 978 terrae,
1179 931 1302 984 quae
1321 923 1540 966 vocatur
1558 914 1973 983 Herincgeham,
1993 914 2180 966 eodem

433 1001 592 1052 modo
616 1000 840 1052 liberam
875 999 1150 1052 concessit.
1228 999 1382 1052 Tunc
1407 999 1662 1069 temporis
1698 999 1861 1050 etiam
1891 998 2027 1050 alius
2061 997 2182 1067 qui—

434 1085 555 1136 dam
595 1084 741 1136 illius
784 1084 955 1147 miles,
988 1083 1247 1136 vocabulo
1288 1082 1556 1135 Radulfus
1600 1083 1870 1135 Theodori
1912 1082 2074 1145 filius,
2113 1100 2185 1134 ex

433 1177 531 1220 suo
557 1168 808 1231 dominio,
836 1169 1023 1220 eodem
1048 1168 1263 1220 domino
1289 1186 1386 1220 suo
1410 1168 1688 1219 Willelmo
1715 1169 1780 1220 de
1805 1167 2026 1219 Braiosa
2061 1185 2186 1219 con-1-

432 1253 654 1304 cedente
692 1260 747 1304 et
784 1253 1145 1317 confirmante,
1180 1252 1308 1305 alias
1351 1260 1566 1304 centum
1590 1253 1798 1304 ambras
1842 1252 1963 1303 salis
2010 1251 2186 1303 eidem

434 1336 672 1391 ecclesiae
708 1336 966 1389 eontulin
1030 1336 1267 1390 Quidam
1306 1337 1468 1388 etiam
1502 1356 1572 1388 ex
1611 1337 1781 1406 ipsius
1804 1336 2071 1389 Willelmi
2115 1336 2182 1386 de

434 1421 655 1473 Braiosa
677 1420 1002 1484 hominibUS,
1022 1420 1312 1473 Tetbertus
1336 1420 1596 1485 nomine,2
1621 1439 1743 1472 cum
1758 1421 1899 1472 fama
1922 1419 2179 1472 bonitatis

432 1524 492 1556 ac
516 1504 788 1573 religionis
812 1512 1136 1573 praeventus,
1163 1504 1525 1556 monachicam
1551 1503 1823 1556 anhelaret
1847 1504 2027 1556 subire
2054 1523 2179 1556 con-

430 1589 743 1651 versionem,
789 1607 843 1639 se
884 1588 1055 1640 eidem
1093 1588 1210 1639 loco
1254 1588 1477 1640 devotus
1520 1587 1768 1652 contulit,
1805 1596 1861 1639 et
1903 1607 1975 1639 ex
2012 1588 2182 1658 ipsius

431 1672 631 1723 domini
665 1672 747 1722 sui
772 1690 989 1723 assensu
1022 1680 1077 1723 et
1116 1671 1534 1736 confirmatione,
1561 1680 1756 1724 terram
1787 1691 1934 1725 suam
1979 1673 2183 1726 scilicet

430 1774 591 1807 unam
614 1755 793 1806 hidam
832 1762 986 1807 terrae
1024 1756 1168 1825 apud
1191 1754 1567 1825 Langlentune
1605 1756 1662 1808 in
1704 1756 2028 1827 Heregrave,
2052 1765 2176 1827 quae

428 1848 647 1896 Vocatur
689 1840 816 1894 hida
834 1840 1126 1905 Wulvrun,
1172 1846 1352 1894 secum
1394 1840 1451 1892 in
1489 1843 1875 1911 possessionem
1923 1851 2179 1898 aeternam

429 1925 668 1978 ecclesiae
694 1925 867 1976 eidem
890 1925 1114 1976 liberam
1138 1926 1401 1978 attribuit.
1477 1926 1620 1981 Quae
1647 1928 1824 1980 omnia
1861 1927 2023 1980 etiam
2049 1927 2181 1980 Phi-

427 2009 607 2079 lippus
653 2010 717 2061 de
762 2009 997 2073 Braiosa,
1048 2028 1223 2062 coram
1247 2017 1399 2080 patre
1443 2030 1541 2063 suo
1584 2011 1862 2066 Willelmo
1902 2012 2179 2083 praedictO,

427 2094 686 2149 concessit
734 2103 789 2147 et
837 2094 1181 2147 confirmavit.
1274 2093 1582 2147 Secundum
1631 2115 1756 2148 vero
1803 2097 2077 2150 libertates
2126 2106 2183 2152 et

425 2179 628 2245 regales
672 2178 959 2247 dignitates
1005 2180 1243 2249 ejusdem
1286 2180 1521 2232 ecclesiae
1561 2180 1702 2231 Belli
1741 2181 2001 2234 concessit
2041 2198 2179 2251 prae-

427 2262 602 2314 dictus
627 2262 952 2327 Willelmus,
979 2264 1270 2333 burgenses
1306 2283 1440 2333 quos
1476 2265 1693 2316 dederat
1716 2284 1871 2334 posse
1909 2285 2084 2318 emere
2124 2277 2180 2319 et

425 2348 651 2399 vendere
677 2347 816 2399 infra
855 2350 1066 2400 easdem
1092 2349 1281 2401 domus
1306 2349 1491 2414 libere,
1537 2350 1739 2419 absque
1766 2350 2083 2420 calumpnia,
2124 2361 2180 2405 et

427 2432 539 2484 sine
580 2431 846 2495 theloneO,
884 2441 1110 2502 excepto
1150 2433 1235 2485 die
1275 2433 1379 2485 fori
1424 2452 1532 2503 quo
1570 2434 1628 2485 in
1670 2434 1949 2504 publicum
1973 2436 2186 2489 venaliav

427 2515 632 2567 deferre
660 2516 878 2568 solitum
900 2525 996 2572 est.

459 2597 462 2599 ’
501 2599 640 2652 Cum
664 2600 847 2669 itaque
874 2601 1030 2670 longe
1069 2601 1284 2670 lateque
1324 2603 1466 2655 fama
1502 2604 1758 2657 bonitatis
1792 2624 1851 2658 ac
1889 2605 2192 2675 religionis,¹

429 2693 492 2736 ut
514 2685 726 2753 praefati
758 2703 958 2749 sumUS,
986 2686 1093 2737 Dei
1130 2706 1401 2741 servorum
1437 2689 1581 2757 apud
1618 2688 1834 2742 Bellum
1870 2691 2182 2760 degentium

432 2775 487 2819 et
509 2768 890 2836 divulgaretur,
918 2770 1259 2841 caritatisque
1294 2773 1621 2825 abundantia
1655 2774 1914 2826 universis
1947 2776 2186 2845 gratuita

431 2871 763 2922 summopere
790 2855 1229 2920 accumularetur,
1257 2858 1323 2909 ab
1348 2857 1596 2910 omnibus
1634 2858 1777 2910 idem
1816 2859 1965 2911 locus
1988 2861 2180 2913 merito

432 2997 477 3038 in
497 2997 565 3040 his
602 2997 897 3041 Introduction
929 3006 974 3041 to
1006 2999 1269 3057 Doomsday,
1343 3001 1533 3057 geltune,
1565 3000 1793 3058 according
1821 3009 1864 3044 to
1897 3002 1971 3045 the
2001 3003 2176 3061 Survey,

435 3054 464 3097 i.
484 3058 582 3098 133.
636 3055 796 3098 Sussex
815 3071 954 3099 seems
975 3064 1019 3099 to
1035 3057 1142 3099 have
1158 3058 1268 3101 been
1346 3059 1376 3102 f.
1399 3061 1470 3112 28,
1485 3073 1524 3102 a.
1587 3059 1699 3102 That
1719 3059 1752 3102 it
1774 3059 1901 3102 could
1915 3060 1969 3103 be
1984 3075 2040 3103 no
2057 3061 2183 3104 other·

436 3112 601 3155 famous
622 3113 762 3156 forits
783 3114 972 3171 salt-pits
1005 3115 1049 3156 in
1070 3115 1144 3158 the
1164 3117 1270 3159 time
1347 3117 1451 3159 than
1485 3116 1558 3160 the
1593 3132 1673 3160 one
1709 3116 1809 3159 here
1842 3118 2103 3175 mentioned,
2139 3119 2177 3162 is

438 3170 487 3211 of
502 3171 574 3213 the
592 3171 849 3229 Conqueror.
911 3172 977 3214 Sir
992 3173 1144 3231 chry
1162 3173 1270 3216 Ellis
1348 3174 1460 3217 clear
1502 3175 1612 3218 from
1658 3175 1736 3217 -the
1787 3182 1909 3232 entry
1948 3176 2093 3228 which,
2139 3177 2176 3220 is

439 3229 662 3283 mentions,
714 3229 822 3271 from
873 3229 1135 3288 Doomsday,
1185 3239 1270 3274 two
1348 3232 1507 3288 quoted
1542 3240 1586 3276 at
1619 3232 1782 3289 length.
1858 3234 1946 3275 Are
1978 3249 2042 3276 we
2073 3234 2176 3277 then

439 3284 632 3329 hundred
693 3287 776 3330 and
841 3287 1104 3346 eighty-five.
1127 3289 1274 3332 -1b.
1343 3297 1392 3331 ,to
1433 3305 1616 3348 suppose
1660 3290 1752 3333 that
1791 3289 1865 3333 the
1904 3305 2051 3334 names
2092 3292 2178 3336 had

440 3356 481 3397 p.
508 3346 603 3386 126.
1348 3347 1539 3404 changed
1560 3348 1708 3391 within
1743 3363 1791 3391 so
1826 3348 1942 3406 early
1963 3363 1988 3391 a
2014 3350 2177 3406 period,

500 3401 512 3424 ¹
546 3400 615 3442 He
646 3401 747 3444 held
783 3417 952 3445 manors
988 3403 1088 3446 here
1125 3405 1173 3446 of
1197 3404 1271 3447 the
1348 3420 1393 3447 or
1423 3406 1515 3448 that-
1547 3405 1796 3463 Doomsday
1821 3407 1857 3449 is
1883 3407 2178 3450 incorrect?-

440 3457 585 3513 yearly
601 3458 722 3501 value
743 3461 791 3502 of
806 3461 863 3504 St.
889 3463 974 3503 133.
994 3463 1075 3515 ld„
1098 3463 1270 3505 accord·
1348 3466 1375 3489 “
1394 3463 1621 3506 Tetbertus
1641 3470 1756 3506 tenet
1792 3478 1920 3506 unam
1954 3464 2098 3507 hidam
2132 3466 2177 3508 in
2247 3485 2255 3490 ·

438 3513 512 3569 ing
531 3522 575 3556 to
595 3515 667 3557 the
688 3516 821 3559 Valor
844 3518 976 3560 Nich.
1030 3552 1039 3561 .
1066 3523 1162 3574 138,
1178 3520 1221 3564 b.
1347 3520 1611 3577 Cengeltune
1633 3521 1685 3564 de
1702 3521 1827 3564 Will.
1845 3522 2024 3577 Werun‚
2039 3523 2178 3566 tenuit

495 3572 512 3595 ²
542 3572 635 3614 One
659 3573 885 3617 Tetbertus
912 3575 983 3617 hel
1040 3591 1065 3618 a
1094 3576 1196 3619 hide
1227 3578 1275 3619 of
1345 3578 1397 3620 de
1414 3579 1639 3622 Godwino.
1691 3578 1819 3622 Nihil
1839 3579 1899 3623 ibi
1916 3587 1994 3624 est.
2047 3580 2177 3624 Valet

436 3626 536 3671 land
551 3630 599 3671 of
619 3630 811 3674 William
826 3632 879 3675 de
896 3632 1072 3676 Braiose
1094 3635 1139 3677 in
1158 3635 1268 3679 Cen·
1344 3636 1405 3681 xi.
1428 3636 1540 3680 sol.”
