2398 4152
415 417 441 466 1
453 416 519 467 66
899 430 1180 471 HISTORIA
1231 431 1645 473 FUNDATIONIS

412 553 541 604 dum
563 560 897 622 praeceptum
919 554 1060 623 regis
1086 555 1421 608 continentes
1447 555 1627 619 scribi,
1653 556 1905 625 regisque
1939 554 2181 624 sigillum

413 637 637 706 singulis
660 638 864 691 faceret
893 639 1112 708 apponi.
1168 633 1480 692 Commissae
1496 640 1601 694 sibi
1626 640 1867 693 ecclesiae
1892 640 2180 710 diligenter

411 722 470 774 in
508 723 611 774 hoc
654 730 710 775 et
746 724 1040 792 prudenter
1079 726 1382 795 prospexit,
1422 734 1488 778 ut
1524 725 1780 795 quoniam
1819 725 2181 796 possessiones

413 808 724 860 monasterii
749 816 877 861 sunt
901 828 933 861 a
954 810 1279 862 monasterio
1306 810 1602 880 plurimum
1634 819 1879 875 remotae,
1915 810 2180 879 siquando

415 892 603 962 quavis
640 912 713 945 ex
753 911 913 945 causa
961 894 1262 964 quamlibet
1313 895 1481 947 trium
1516 902 1782 948 cartarum
1826 894 2182 962 contingeret,

415 977 502 1029 vel
527 977 691 1029 etiam
717 978 851 1030 duas
876 986 1034 1030 extra
1064 979 1449 1032 monasterium
1471 979 1603 1032 alias
1626 978 1840 1044 deferri,
1858 997 1968 1032 una
1991 977 2182 1033 saltem

418 1081 602 1115 earum
626 1063 695 1115 ad
718 1081 938 1116 manum
962 1083 1171 1135 semper
1195 1064 1486 1118 haberetur
1510 1064 1570 1116 in
1593 1063 1936 1117 monasterio·

147 1167 222 1200 The
236 1166 331 1209 prior
491 1146 645 1199 Infra
685 1148 1100 1217 quadriennium
1145 1168 1273 1219 qu0‚
1316 1158 1381 1202 ut
1430 1149 1678 1219 superius
1719 1166 2036 1219 expressum
2082 1156 2182 1212 est,

147 1209 381 1325 {ffssrssfflitss‘
419 1240 543 1302 post
590 1233 867 1285 decessum
928 1234 1140 1286 abbatis
1189 1234 1466 1299 Walterii,
1517 1234 1780 1287 destituta
1827 1241 2042 1304 pastore
2094 1250 2186 1284 va-

190 1303 208 1325 e
223 1293 351 1325 church
366 1292 405 1325 of
519 1317 530 1328 .
787 1319 798 1330 .
1033 1319 1045 1330 .
1091 1319 1102 1330 .
1398 1319 1411 1330 .
2084 1317 2095 1328 -

148 1335 199 1366 st.
218 1335 346 1375 Mam-s
421 1326 561 1369 cavlt
613 1318 853 1383 eccleS1a,
902 1328 1132 1388 contiglt
1188 1319 1545 1372 Humfridum
1601 1319 1870 1389 quendam
1917 1317 2189 1388 presblte-

149 1376 278 1458 {1³33}
291 1418 353 1451 the
419 1420 541 1454 rum
580 1411 636 1455 et
677 1422 959 1473 personam
996 1404 1235 1456 ecclesiae
1283 1406 1459 1457 beatae
1502 1404 1698 1457 Mariae
1739 1404 1804 1456 de
1845 1402 2020 1467 Bello,
2059 1418 2186 1472 quae

143 1468 306 1501 vaeancy.
421 1487 676 1556 contigua
714 1505 871 1540 muro
912 1489 1224 1542 monasterii
1256 1489 1602 1558 parrochialis
1626 1488 1877 1551 habetur,
1902 1486 2031 1540 huic
2056 1486 2186 1540 vitae

416 1571 581 1624 finem
622 1572 818 1626 facere.
912 1573 1072 1627 Prior
1113 1583 1169 1626 et
1216 1582 1511 1627 conventus
1554 1573 1685 1626 licet
1729 1571 1905 1625 orbati
1946 1579 2184 1641 pastore,

417 1657 590 1726 ipsam
633 1665 691 1709 et
732 1658 1011 1711 ecclesiam
1054 1659 1113 1711 in
1155 1678 1286 1712 usus
1318 1658 1567 1729 proprios
1605 1657 1926 1710 auctoritate
1968 1656 2186 1726 propria

417 1742 762 1811 redegerunt,
790 1762 972 1797 omnes
998 1763 1070 1796 ex
1095 1763 1158 1797 ea
1181 1744 1557 1815 provenientes
1581 1742 1793 1796 fructus
1819 1741 2033 1794 nemine
2058 1759 2187 1794 con-

418 1826 715 1879 tradicente
764 1828 1141 1898 percipienteS,
1182 1828 1460 1899 capellano
1503 1828 1738 1898 quodam
1785 1826 1844 1878 in
1891 1845 1954 1879 ea
2000 1825 2186 1878 vicarii

419 1911 657 1964 officium
700 1921 1026 1982 exequente,
1068 1915 1164 1967 sed
1195 1914 1335 1966 nihil
1358 1914 1417 1966 in
1443 1932 1506 1966 ea
1529 1911 1908 1983 perpetuitatis
1931 1910 2186 1964 habente.

419 1994 747 2049 Institerunt
784 1997 968 2067 plures
991 1999 1246 2068 precibus
1269 2008 1334 2052 ut
1359 1999 1435 2051 eis
1460 1997 1685 2051 ecclesia
1709 2016 1741 2049 a
1764 2003 2033 2049 conventu
2057 2014 2186 2049 con-

419 2082 716 2145 cederetur,
753 2100 853 2134 nec
898 2083 1271 2137 obtinuerunt.
1348 2083 1501 2136 Inter
1545 2102 1682 2153 quos
1726 2081 2011 2145 RicarduS,
2057 2089 2188 2133 tunc

421 2166 754 2220 Pictavensis
794 2167 1223 2233 archidiaconuS,
1263 2169 1609 2238 postmodum
1634 2186 1760 2221 vero
1787 2165 2189 2219 Wintoniensis

420 2251 724 2321 episcopuS,
775 2252 990 2322 scripsit
1038 2254 1119 2306 eis
1166 2254 1481 2323 diligentius
1541 2253 1866 2323 supplicanS,
1917 2258 2068 2303 tanto
2119 2250 2188 2303 de

418 2336 754 2406 impetrando
803 2337 1059 2403 securior,
1120 2346 1325 2408 quanto
1378 2338 1666 2391 videbatur
1712 2355 1826 2391 esse
1886 2335 2184 2405 potentior.

423 2419 532 2472 Sed
573 2420 723 2490 prior
760 2429 816 2473 et
846 2430 1141 2475 conventus
1177 2423 1316 2475 inito
1342 2422 1613 2476 communi
1650 2420 1893 2485 consilio,
1928 2419 2185 2472 scribenti

419 2505 828 2575 rescripserunt,
868 2508 1184 2577 praedictam
1209 2508 1487 2561 ecclesiam
1521 2506 1833 2560 monasterii
1870 2522 1988 2558 esse
2013 2504 2190 2575 capel-

420 2589 546 2654 lam,
573 2591 707 2643 adeo
732 2599 797 2644 ut
821 2591 994 2661 ipsius
1017 2593 1240 2663 capellae
1268 2593 1433 2645 altare
1462 2592 1615 2662 quasi
1639 2611 1812 2645 unum
1837 2610 1909 2643 ex
1929 2590 2190 2644 altaribus

422 2675 733 2727 monasterii
756 2675 1038 2741 habeatur,
1076 2678 1415 2749 capellanum
1439 2677 1576 2730 inibi
1599 2676 1994 2729 ministrantem
2019 2675 2192 2728 consi-

421 2758 620 2811 liorum
644 2763 956 2813 monasterii
983 2771 1241 2832 tanquam
1265 2782 1432 2815 unum
1463 2782 1535 2814 ex
1559 2761 1831 2814 monachis
1857 2760 2051 2813 debere
2076 2779 2191 2813 esse

425 2844 738 2910 conscium,¹
765 2854 821 2898 et
846 2847 915 2898 ob
940 2846 1042 2899 hoc
1067 2848 1456 2911 fidelissimum,
1484 2846 1903 2918 hujusmodique
1948 2863 2008 2897 ac
2042 2844 2191 2897 simi-

426 2928 570 2980 libus
611 2929 676 2980 de
719 2930 895 2982 causis
934 2949 990 2982 se
1030 2933 1234 2983 nemini
1276 2939 1623 2983 memoratam
1663 2930 1938 2983 ecclesiam
1978 2947 2192 2982 conces-

157 3040 388 3074 Alur.2<1.„‚,de
428 3031 597 3078 suros,
622 3014 728 3065 nisi
754 3015 849 3084 qui
873 3014 932 3066 in
963 3034 1025 3067 ea
1047 3016 1105 3068 in
1129 3016 1347 3087 propria
1382 3034 1609 3085 persona
1646 3014 1991 3081 ministraret.
2067 3013 2191 3065 Me-

98 3122 101 3126 ·
153 3083 364 3157 Ξὶέἷέἆὲἓο
429 3106 632 3151 morato
671 3099 1041 3153 archidiacono
1066 3121 1098 3153 a
1120 3101 1385 3171 petitione
1424 3119 1520 3152 sua
1545 3101 1613 3152 ad
1634 3098 1946 3169 hujusmodi
1970 3116 2192 3168 respon-

156 3166 240 3197 with
251 3167 310 3198 the
958 3186 968 3196 .
1897 3183 1908 3194 .
2091 3183 2102 3193 .
2136 3184 2148 3194 .

158 3206 254 3255 Ιςῑιις
267 3208 395 3241 forthe
429 3202 548 3236 sum
572 3192 830 3249 cessante,
878 3186 1098 3254 quldam
1125 3185 1402 3239 Aluredus
1446 3186 1511 3237 de
1534 3193 1715 3238 sancto
1742 3184 1984 3236 Martino
2011 3202 2106 3253 qul
2131 3202 2190 3235 1n

155 3254 357 3364 ἔέῗζὲξῗιω
427 3268 628 3321 finibus
672 3269 1119 3339 Hastingensium
1161 3273 1261 3324 sub
1303 3271 1497 3324 comite
1527 3270 1678 3339 Augi
1701 3269 2033 3321 vicecomitis
2058 3286 2188 3320 exe-

171 3342 191 3363 o
207 3335 216 3346 ⁷
263 3344 369 3372 omas,

158 3374 213 3407 his
234 3376 406 3418 chaplain.
430 3354 702 3424 quebatur
743 3354 998 3419 officium,
1043 3376 1075 3408 a
1118 3356 1335 3408 domino
1379 3374 1523 3424 rege,
1571 3363 1701 3407 tunc
1744 3352 2001 3423 temporis
2044 3361 2190 3404 trans

426 3456 570 3490 mare
613 3458 816 3491 moram
858 3439 1108 3505 faciente,
1148 3441 1356 3493 litteras
1397 3441 1464 3493 ad
1502 3439 1736 3509 priorem
1773 3446 1828 3489 et
1867 3445 2189 3490 conventum

425 3522 734 3592 impetravit
772 3525 1181 3595 deprecatoriaS,
1224 3535 1287 3578 ut
1327 3525 1602 3578 ecclesiam
1640 3523 1952 3594 praedictam
1978 3523 2188 3576 cuidam

598 3655 610 3681 ¹
633 3655 789 3698 Added
809 3656 853 3698 in
874 3656 946 3699 the
967 3657 1132 3714 margin
1150 3674 1162 3711 ;
1191 3659 1216 3682 “
1234 3657 1371 3714 qualis
1390 3656 1542 3700 debeat
1564 3670 1657 3699 esse
1680 3655 1916 3699 decanus.'’
