2398 4152
671 474 1032 516 MoNAs'rERn
1075 476 1155 516 DE
1195 476 1401 516 BELLO.
1795 463 1894 512 131

166 604 312 647 terea
333 595 556 666 singulis
579 599 729 649 annis
754 599 1026 650 caritatem
1052 598 1313 666 quandam
1339 597 1447 647 albi
1482 596 1591 647 vini
1618 598 1900 648 conventui

165 679 298 743 fieri,
327 699 446 732 cum
478 681 700 750 singulis
727 677 1033 749 guastellis¹
1070 681 1324 750 piperatis
1350 680 1572 747 singulis
1607 681 1896 744 monachis,

165 764 404 832 exceptis
437 765 723 816 simenellis
757 765 949 817 debitis
984 784 1053 815 ex
1093 764 1356 816 communi
1382 764 1591 815 cellario
1625 764 1897 832 appositis,

164 865 283 898 cum
302 847 509 899 duobus
535 849 694 900 etiam
718 848 933 900 ferculis
953 849 1183 916 optimis,
1206 848 1444 916 exceptis
1469 848 1684 898 ferculis
1705 848 1897 898 debitis

166 931 230 981 de
256 931 500 999 coquina,
527 932 604 982 ita
629 932 844 1000 quidem
869 940 931 982 ut
956 932 999 982 si
1023 932 1140 981 fieri
1165 931 1500 998 aliquatenus
1525 931 1708 998 possit,
1730 949 1897 981 unum

165 1032 371 1082 semper
411 1015 475 1065 de
511 1014 726 1065 ferculis
761 1033 871 1064 esse
912 1014 1197 1066 debeat‘de
1235 1014 1436 1064 recenti
1469 1013 1718 1076 salmone,
1753 1021 1809 1064 et
1840 1014 1897 1064 in

163 1115 409 1148 mensura
448 1097 559 1148 vini
598 1097 821 1147 cuilibet
858 1097 1083 1147 fratrum
1122 1097 1435 1164 apponenda
1481 1096 1559 1146 nil
1606 1096 1676 1146 sit
1722 1096 1897 1147 minus

162 1180 368 1248 galone.
466 1180 621 1231 Hanc
671 1179 943 1230 caritatem
980 1179 1097 1229 fieri
1144 1179 1315 1229 voluit
1364 1179 1489 1229 dum
1538 1179 1595 1229 in
1642 1179 1739 1229 hac
1788 1179 1896 1231 vita
1915 1183 2149 1265 &53¹2an

159 1263 425 1332 superfuit
459 1263 516 1314 in
553 1262 920 1314 Decollatione
958 1262 1102 1314 beati
1140 1262 1397 1313 ‚Iohannis
1424 1262 1735 1330 Baptistae32
1774 1272 1897 1331 post

162 1347 432 1397 decessum
464 1365 588 1397 vero
618 1364 790 1409 suum,
817 1346 874 1396 in
914 1346 998 1396 die
1036 1345 1388 1397 anniversario
1423 1345 1601 1396 obitus
1631 1346 1731 1397 sui.
1807 1346 1894 1397 Ne

163 1429 282 1498 quis
307 1448 430 1482 vero
455 1447 812 1481 successorum
839 1430 951 1498 ejus
975 1429 1031 1479 in
1050 1437 1323 1497 posterum
1347 1429 1480 1480 hanc
1506 1429 1673 1497 ipsius
1699 1430 1894 1481 consti-

161 1514 424 1564 tutionem
466 1513 778 1564 imminuere
817 1512 902 1564 vel
946 1531 1062 1563 eam
1099 1512 1427 1563 immutando
1468 1512 1518 1563 ei
1557 1512 1894 1580 aliquatenus

161 1606 507 1666 praesumeret
555 1597 830 1659 contraire,
877 1597 990 1665 ipse
1041 1596 1176 1647 stola
1224 1605 1491 1665 assumpta
1547 1597 1604 1647 in
1659 1598 1891 1666 capitulo

17 1690 20 1695 ’
84 1721 91 1726 .
158 1680 381 1732 fratrum
419 1699 540 1732 cum
580 1680 795 1731 candela
833 1698 1049 1731 accensa
1090 1681 1325 1748 singulos
1370 1680 1531 1731 etiam
1572 1680 1760 1732 fratres
1799 1682 1893 1750 qui

158 1783 253 1816 seu
301 1763 577 1815 sacerdotii
625 1781 720 1813 seu
768 1762 995 1814 diaconii
1036 1763 1395 1831 fungebantur
1438 1764 1611 1815 officio
1660 1764 1893 1832 singulas

161 1847 320 1899 stolas
370 1855 425 1897 et
467 1846 708 1897 candelas
748 1865 988 1898 accensas
1033 1864 1238 1897 sumere
1273 1846 1450 1914 jussit,
1501 1848 1680 1915 sicque
1731 1849 1891 1900 etiam

161 1931 571 1982 subdiaconibus
605 1930 903 1998 manipulos
942 1948 1063 1980 cum
1104 1930 1333 1981 candelis
1375 1931 1621 1994 accensis,
1647 1931 1730 1981 his
1765 1950 1889 1983 vero

162 2015 256 2083 qui
288 2014 555 2066 inferioris
593 2021 743 2064 erant
782 2013 980 2064 ordinis
1014 2031 1135 2064 cum
1176 2014 1436 2064 conversis
1474 2014 1608 2065 solas
1651 2015 1890 2066 candelas

159 2117 397 2149 accensas
421 2097 759 2160 habentibus,
785 2096 1022 2148 omnium
1049 2115 1138 2148 ore
1165 2105 1220 2147 et
1244 2116 1500 2148 consensu
1524 2116 1704 2149 omnes
1725 2098 1892 2165 ipsius

159 2181 510 2233 institutionis
524 2197 647 2248 *suae
666 2181 945 2232 violatores
966 2189 1227 2249 perpetuo
1245 2190 1298 2231 et
1322 2181 1643 2232 inexorabili
1667 2182 1893 2250 subjecit

159 2265 499 2316 anathemati.

230 2348 411 2417 Hujus
435 2348 746 2399 venerandae
771 2347 1038 2398 memoriae
1064 2346 1164 2397 viri
1189 2346 1533 2414 temporibUS,
1562 2347 1667 2397 duo
1692 2347 1888 2398 milites
1912 2367 2019 2415 ayant
2034 2366 2072 2398 of
2096 2367 2155 2400 the

159 2432 215 2483 in
247 2433 440 2483 vicinio
479 2431 784 2483 monasterii
819 2430 983 2481 sancti
1015 2429 1241 2480 Martini
1272 2430 1335 2480 de
1375 2430 1529 2480 Bello
1567 2429 1884 2493 habitantes,
1909 2408 2056 2481 3333

157 2516 357 2567 scilicet
387 2515 736 2584 Ingelrannus
775 2515 838 2565 de
876 2513 1108 2575 Scoteni,
1137 2521 1191 2564 et
1230 2513 1503 2564 Robertus
1543 2513 1668 2576 Bos,
1714 2514 1887 2565 eidem

156 2599 473 2650 monasterio
519 2618 617 2668 pro
673 2617 767 2649 sua
820 2616 1141 2664 suorumque
1195 2597 1362 2648 salute
1417 2598 1545 2648 duas
1603 2605 1767 2648 terras
1821 2599 1885 2649 de

157 2683 389 2734 dominio
433 2702 528 2733 suo
568 2682 668 2733 sibi
711 2681 935 2732 invicem
985 2680 1259 2748 contiguas
1299 2682 1462 2749 juxta
1507 2699 1694 2732 nemus
1742 2682 1887 2748 quod

158 2766 353 2818 dicitur
398 2766 725 2816 Bodeherste
776 2764 1136 2827 contulerunt,
1186 2765 1252 2815 ab
1302 2765 1444 2815 omni
1504 2765 1885 2815 consuetudine

158 2858 382 2901 terrenae
430 2848 698 2900 servitutis
740 2848 1017 2898 immunes.
1092 2847 1333 2916 Eratque
1375 2848 1609 2899 militum
1649 2849 1887 2917 ipsorum

157 2951 219 2984 eo
266 2933 582 2984 laudabilior
630 2932 857 2994 devotio,
910 2949 1016 2999 quo
1071 2931 1127 2982 id
1175 2931 1348 2982 eidem
1396 2933 1713 2983 monasterio
1764 2951 1886 2982 con-

156 3015 430 3067 ferendum
471 3016 833 3078 decreverunt,
880 3016 1025 3082 quod
1065 3022 1262 3083 quanto
1303 3023 1415 3066 erat
1452 3016 1692 3077 vicinius,
1738 3023 1885 3066 tanto

156 3099 432 3151 videbatur
471 3099 811 3150 commodius.
912 3098 1127 3149 Dicitur
1175 3106 1354 3149 autem
1403 3099 1468 3149 ab
1511 3098 1697 3150 incolis
1746 3107 1887 3150 terra

157 3182 263 3245 illa,
292 3202 451 3252 quam
480 3181 828 3251 Ingelrannus
856 3182 918 3232 de
949 3181 1163 3232 Scoteni
1188 3181 1432 3244 contulit,
1458 3182 1608 3232 Wista
1635 3182 1886 3234 Smewini

158 3285 326 3334 usque
352 3267 408 3317 in
431 3283 682 3334 praesens·

229 3349 479 3417 Superior
523 3348 692 3399 edidit
738 3348 968 3398 narratio
1017 3347 1262 3397 abbatem
1308 3347 1669 3398 Gausbertum
1713 3349 1885 3400 incliti

213 3486 227 3511 ¹
257 3485 292 3528 Ι.
334 3500 374 3541 q.
446 3484 689 3537 Wastelles,
735 3484 842 3525 from
906 3482 978 3524 the
1064 3496 1159 3537 sary
1190 3490 1232 3523 to
1265 3482 1336 3524 the
1368 3482 1451 3524 2nd
1483 3483 1649 3525 volume
1681 3484 1728 3526 of
1758 3484 1884 3527 Lobi-

158 3542 323 3585 French
356 3542 584 3586 Guasteau.
646 3542 725 3583 See
746 3541 818 3583 the
853 3539 977 3582 Glos-
1064 3539 1406 3639 neaujaHistzqde1
1420 3540 1642 3596 Bretagne.

1121 3611 1136 3622 ⁰
1210 3612 1279 3653 ug.
1361 3606 1375 3638 t
1413 3631 1421 3639 .

1635 3671 1713 3710 ΚΞ
