2398 4152
490 450 558 502 66
979 465 1261 508 HISTORIA
1305 463 1717 508 FUNDATIONIS

485 595 667 638 autem
711 596 793 639 est
830 588 931 640 hoc
967 607 1065 658 pro
1105 589 1224 657 lege
1268 590 1335 641 ab
1376 589 1701 659 antiquitate
1739 607 1837 659 per
1873 587 2032 640 maris
2054 587 2240 641 littora

484 672 840 736 observatum,
885 681 966 737 ut,
1007 674 1129 725 navi
1153 674 1408 726 fluctibus
1435 674 1681 737 contrita,
1720 674 1765 727 si
1790 674 2074 725 evadentes
2098 672 2239 725 infra

482 764 747 808 statutum
785 759 1075 810 terminum
1116 766 1171 810 et
1209 767 1421 828 tempus
1466 778 1592 812 eam>
1623 758 1842 810 minime
1886 766 2234 828 reparassent,

481 841 629 891 navis
673 849 728 892 et
767 860 1124 912 quaecumque
1164 843 1390 913 appulsa
1413 843 1592 894 forent
1623 844 1826 912 absque
1852 842 2155 912 calumpnia
2179 842 2238 894 in

482 926 779 978 dominium
813 935 969 979 terrae
1009 928 1173 992 illius,
1219 936 1274 979 et
1298 929 1354 979 in
1378 947 1546 980 werec
1579 929 1844 981 cederent.
1922 927 2031 979 Sed
2055 945 2238 996 supra-

480 1020 806 1064 memoratus
844 1031 946 1063 rex
981 1011 1252 1065 Henricus
1291 1013 1426 1064 hanc
1453 1013 1741 1064 abhorrens
1775 1011 2236 1074 consuetudinem,

480 1104 720 1165 tempore
765 1115 879 1160 suo,
921 1116 1018 1167 per
1056 1098 1270 1167 imperii
1309 1098 1394 1149 sui
1434 1099 1622 1168 spatia,
1662 1098 1899 1150 edictum
1937 1096 2237 1166 proposuit,

483 1181 736 1250 quatinus
778 1181 822 1233 si
847 1182 933 1233 vel
958 1201 1099 1234 unus
1127 1202 1154 1233 e
1180 1183 1303 1235 navi
1341 1183 1611 1235 confracta
1634 1183 1785 1235 vivus
1826 1182 2093 1245 evasisset,
2119 1181 2238 1232 haee

480 1265 658 1317 omnia
697 1266 983 1319 obtineret.
1058 1266 1267 1320 Verum
1312 1286 1420 1336 quo
1462 1286 1632 1319 novus
1673 1286 1774 1318 rex
1809 1266 1968 1329 cedit,
2013 1274 2068 1317 et
2103 1283 2242 1317 nova

479 1347 588 1402 lex,
652 1350 794 1401 Nam
821 1351 1074 1403 defuncto
1101 1371 1182 1414 eo,
1208 1353 1358 1420 regni
1382 1352 1658 1421 primoreS,
1685 1352 1860 1403 edicto
1891 1350 2095 1402 recenti
2118 1367 2238 1419 pes-

479 1435 724 1498 sundato,
746 1455 947 1487 morem
964 1437 1266 1505 antiquitus
1286 1438 1625 1489 observatum
1648 1437 1866 1488 sibimet
1888 1443 2234 1505 usurparunt.

479 1519 638 1571 Unde
664 1520 869 1571 factum
912 1529 1009 1584 est,
1049 1530 1113 1572 ut
1150 1521 1394 1573 homines
1434 1522 1500 1573 de
1527 1521 1910 1590 Dengemareis
1944 1521 2236 1572 secundum

476 1605 766 1655 maritimas
806 1606 1235 1670 consuetudineS‚
1290 1614 1345 1658 et
1401 1606 1605 1675 regales
1657 1606 1943 1675 dignitates
1995 1605 2235 1665 ecclesiae

477 1689 636 1752 Belli,
677 1691 1000 1760 praedictum
1037 1709 1207 1743 werec
1250 1692 1305 1743 vi
1345 1691 1668 1743 obtinerent.
1747 1691 1875 1746 Quo
1918 1691 2118 1760 agnito,
2154 1709 2236 1743 ar·-

476 1774 844 1844 chiepiscopus
893 1776 1095 1827 curiam
1153 1777 1352 1839 adiens,
1398 1795 1574 1828 coram
1615 1794 1760 1845 rege,
1807 1776 1872 1827 de
1924 1777 2119 1828 abbate
2167 1775 2234 1827 de

477 1859 651 1924 Bello,
699 1862 845 1929 quod
870 1862 926 1912 in
950 1861 1049 1913 hac
1075 1880 1131 1912 re
1173 1862 1227 1913 vi
1254 1870 1310 1913 et
1333 1861 1631 1913 hostilitate
1658 1878 1787 1914 usus
1812 1860 2023 1925 fuisset,
2057 1860 2237 1930 queri-

473 1945 705 1996 moniam
731 1945 878 1997 fecit.
956 1946 1074 1997 Nec
1099 1965 1264 2010 mora,
1289 1965 1391 1998 rex
1415 1947 1665 1998 abbatem
1692 1946 1946 1998 mandans
1976 1964 2152 1998 coram
2177 1964 2233 1998 se

473 2029 654 2080 venire
695 2029 844 2082 fecit.
924 2029 1142 2084 Quibus
1181 2049 1213 2082 a
1253 2039 1524 2083 conventu
1555 2031 1822 2082 nobilium
1863 2031 2008 2100 apud
2032 2031 2235 2100 regiam

471 2114 744 2165 ventilatis
789 2115 1007 2179 curiam,
1053 2134 1176 2167 cum
1220 2116 1399 2166 studio
1442 2123 1496 2166 et
1540 2123 1652 2166 arte
1677 2115 1947 2167 Willelmi
1973 2115 2037 2167 de
2062 2115 2234 2185 Ypra,

474 2198 569 2266 qui
599 2198 806 2251 Cantiae
834 2201 1149 2251 comitatum
1168 2208 1298 2251 tunc
1315 2199 1640 2269 possidebat,
1663 2219 1763 2251 rex
1786 2218 2003 2269 quoque
2029 2199 2235 2252 archie-

470 2284 690 2353 piscopo
714 2285 914 2349 favens,
960 2286 1209 2337 abbatem
1236 2294 1299 2336 ut
1323 2285 1469 2354 pacis
1496 2293 1939 2353 transgressorem
1965 2293 2231 2354 argueret,

473 2369 619 2436 quod
658 2368 863 2420 scilicet
904 2378 1087 2421 contra
1125 2370 1265 2438 regis
1306 2368 1534 2421 Henrici
1575 2371 1775 2422 sancita
1813 2370 2044 2434 fecisset,
2110 2379 2236 2439 post

472 2453 758 2522 plurimam
791 2455 1048 2524 utrinque
1088 2455 1516 2519 controversiam,
1563 2456 1778 2508 tandem
1805 2455 1880 2509 sic
1916 2455 2063 2506 curia
2084 2456 2234 2507 seda-

475 2547 581 2592 tur.
658 2540 800 2591 Nam
820 2541 1003 2603 abbas,
1026 2540 1232 2592 ratione
1256 2558 1385 2591 usus
1410 2541 1800 2609 praemeditata,
1826 2559 2008 2608 regem
2034 2539 2235 2592 Henri-

476 2643 598 2678 cum
636 2644 734 2694 pro
775 2625 939 2676 libitu
965 2626 1188 2694 antiqua
1211 2625 1402 2694 patriae
1436 2626 1562 2696 jura
1586 2633 1795 2676 mutare
1824 2625 1882 2676 in
1907 2625 2097 2676 diebus
2123 2625 2234 2676 suis

472 2727 627 2777 posse
677 2710 997 2761 testificatus
1047 2718 1144 2772 est,
1187 2711 1280 2761 sed
1330 2729 1437 2762 non
1495 2710 1599 2762 nisi
1650 2710 1920 2762 communi
1971 2710 2234 2762 baronum

471 2794 623 2862 regni
668 2813 930 2845 consensu
970 2795 1024 2845 in
1067 2802 1342 2864 posterum
1366 2804 1482 2847 rata
1517 2796 1651 2847 fore.
1729 2795 1889 2846 Unde
1916 2795 1961 2846 si
1986 2795 2059 2859 id,
2087 2795 2231 2847 unde

471 2879 913 2944 calumniabatur,
954 2896 1066 2931 suae
1105 2880 1383 2949 dignitatis
1426 2880 1811 2950 compatriotae,
1851 2881 2076 2932 barones
2133 2880 2234 2932 sci-

469 2963 598 3014 licet
639 2965 733 3032 qui
778 2965 996 3017 aderant
1022 2983 1144 3016 cum
1169 2966 1361 3034 regalis
1396 2966 1561 3017 curiae
1588 2983 1804 3017 assensu
1830 2965 2229 3029 concessissent,

472 3056 527 3098 et
551 3049 665 3117 ipse
691 3049 864 3101 libens
891 3050 1119 3103 cederet.
1199 3049 1446 3120 Cumque
1472 3058 1763 3120 praesentes
1787 3050 1937 3119 regni
1972 3051 2232 3119 primores

470 3132 587 3184 haec
614 3152 723 3184 uno
752 3153 841 3185 ore
877 3135 1315 3199 contradicerent,
1337 3137 1394 3186 in
1420 3135 1690 3187 communi
1716 3135 1932 3186 tandem
1958 3135 2232 3187 decretum

468 3226 566 3281 est,
611 3226 675 3269 ut
724 3220 908 3271 eadem
948 3220 1124 3272 soluta
1164 3221 1327 3285 curia,
1381 3221 1543 3272 abbas
1593 3221 1740 3289 regia
1795 3220 2054 3288 dignitate
2104 3220 2230 3272 hinc

467 3321 617 3354 suam
656 3312 844 3355 nactus
889 3305 1108 3368 curiam,
1156 3305 1300 3375 apud
1340 3305 1725 3374 Dengemareis
1766 3304 1851 3356 die
1889 3304 2229 3356 denominato

465 3386 774 3441 hominibus
815 3390 1200 3460 archiepiscopi
1244 3391 1667 3454 advenientibUS,
1710 3408 1919 3441 omnem
1945 3388 2226 3442 rectitudi-

464 3489 586 3522 nem
626 3481 850 3526 teneret.
946 3474 1053 3526 Sed
1096 3475 1153 3526 in
1196 3475 1296 3527 hoc
1337 3484 1605 3528 conventu
1646 3475 1872 3526 verbum
1920 3475 2227 3527 memoriale

465 3575 573 3624 quo
610 3559 778 3626 magis
815 3560 994 3627 regius
1042 3560 1313 3611 emollitus
1359 3569 1440 3611 est
1473 3561 1680 3612 animus
1716 3560 1999 3629 providum
2026 3560 2225 3611 dixisse

462 3641 711 3692 abbatem
754 3644 995 3712 contigit.
1072 3644 1213 3696 Nam
1254 3664 1375 3697 cum
1416 3652 1746 3714 argueretur,
1782 3644 1848 3697 ad
1882 3663 2060 3714 regem
2100 3663 2224 3697 con-
