2398 4152
459 425 564 477 156
959 438 1242 479 HISTORIA
1284 438 1698 481 FUNDATIONIS

456 556 676 624 quidem
715 556 862 624 quod
892 555 1145 608 electioni
1186 556 1524 625 adquieverit
1561 558 1778 627 publice
1819 559 2215 628 pronuntiavit,
2308 626 2311 629 ,

453 640 546 692 sed
596 648 806 692 tantum
853 659 885 691 a
934 639 1092 692 solita
1141 629 1354 692 cessans
1395 642 1835 707 contradictione,
1884 645 2108 696 tacendo
2153 663 2214 696 se

455 743 640 776 eorum
677 724 942 776 voluntati
976 733 1032 777 et
1065 724 1286 777 arbitrio
1313 725 1532 778 dimisit.
1608 725 1750 778 Mox
1781 727 2218 798 archiepiscopus
2296 724 2297 727 ¹

181 849 231 880 Te
248 850 361 881 Deum
453 808 682 861 altisona
741 809 1106 862 modulatione
1156 828 1381 878 ymnum
1462 810 1596 877 “Te
1647 810 1830 863 Deum
1871 812 2207 864 laudamus”¹
2308 877 2318 883 „

180 901 282 932 ”mg-
452 893 734 962 incipiens,
765 894 911 963 quod
948 893 1006 945 in
1050 894 1307 945 abbatum
1351 893 1614 946 electione
1665 895 1842 947 minus
1889 896 2007 949 fieri
2056 897 2215 961 solet,
2283 895 2311 941 1⁷

453 979 668 1031 demum
708 980 833 1031 data
873 978 1113 1031 oratione
1144 978 1320 1042 solita,
1347 980 1464 1049 ejus
1507 979 1826 1032 electionem
1859 981 2208 1034 confirmavit.
2299 1046 2303 1048 Ἴ

451 1063 675 1117 Electus
714 1071 796 1115 est
832 1063 1017 1133 itaque
1061 1063 1162 1116 hoc
1199 1064 1358 1116 modo
1407 1064 1480 1115 vi⁰
1528 1063 1650 1116 idus
1699 1063 1851 1128 Julii,
1901 1063 2214 1131 dolentibus
2292 1071 2295 1074 ’

451 1157 507 1201 et
532 1149 788 1201 flentibus
813 1156 924 1200 tam
949 1148 1221 1200 monachis
1248 1167 1407 1218 quam
1427 1149 1638 1201 caeteris
1664 1149 1911 1202 omnibus
1938 1158 2214 1219 quotquot

448 1234 576 1285 illuc
602 1253 633 1286 a
660 1233 948 1286 Cantuaria
973 1233 1272 1302 contigerat
1297 1252 1477 1289 secum
1501 1233 1792 1286 advenisse.

522 1319 724 1371 Utrum
748 1337 822 1371 ex
848 1318 1028 1370 divina
1051 1318 1359 1388 prudentia,
1399 1338 1467 1370 an
1499 1337 1570 1370 ex
1602 1319 1824 1371 humani
1849 1320 2058 1372 consilii
2082 1339 2208 1390 pro-

448 1404 665 1456 cesserit
682 1403 987 1472 prudentia,
1010 1404 1157 1472 quod
1175 1403 1304 1454 illuc
1326 1403 1405 1454 sit·
1421 1403 1697 1472 eligendus
1722 1405 2016 1468 advenerit,
2035 1405 2208 1459 incer-

446 1497 567 1540 tum
590 1487 869 1551 habemUS,
897 1506 1018 1539 cum
1045 1495 1223 1539 tamen
1248 1506 1357 1538 non
1382 1488 1674 1557 incongrue
1702 1508 1798 1541 seu
1832 1508 1904 1541 ex
1929 1489 2070 1554 De0,
2110 1509 2210 1544 seu

446 1592 518 1625 ex
541 1572 851 1624 hominibus
872 1571 1040 1623 fuerit
1064 1579 1412 1641 procuratum
1431 1590 1545 1624 esse
1571 1572 1863 1637 videamUS,
1890 1584 1954 1626 ut
1979 1574 2074 1644 qui
2098 1575 2208 1633 for-

444 1677 584 1710 mam
641 1665 906 1709 cartarum
953 1656 1262 1708 monasterii
1311 1657 1480 1709 sancti
1545 1658 1774 1715 Martini
1824 1659 1889 1710 de
1942 1659 2100 1712 Bello
2149 1679 2205 1712 se

443 1749 790 1811 accepturum
845 1749 1146 1810 putaverat,
1197 1742 1610 1794 monasterium
1645 1743 1824 1813 ipsum
1873 1763 1995 1796 cum
2045 1746 2207 1804 cartis
2283 1762 2302 1814 „1

443 1829 560 1898 ejus
604 1835 660 1879 et
699 1826 1054 1896 dignitatibus
1090 1826 1340 1878 omnibus
1374 1828 1667 1897 regendum
1703 1829 2202 1900 disponendumque

442 1912 752 1982 susciperet.
827 1911 1037 1964 Verum
1063 1911 1302 1963 ecclesiae
1342 1911 1763 1976 CantuariensiS,
1798 1932 1869 1965 ex
1907 1914 2065 1966 cartis
2089 1934 2208 1973 mo-

441 1997 663 2049 nasterii
726 1997 790 2049 de
841 1996 997 2049 Bello
1045 1996 1139 2047 illo
1190 1988 1379 2048 delatis
1428 1997 1565 2048 nihil
1622 1998 1873 2067 provenit
1911 1999 2205 2064 utilitatis,

443 2082 644 2153 quippe
688 2101 809 2133 cum
852 2100 950 2133 nec
988 2081 1213 2150 prolatae
1254 2081 1459 2133 fuerint
1506 2082 1637 2146 illic,
1688 2102 1786 2135 nec
1836 2083 2205 2153 interrogatae,

441 2168 604 2219 immo
641 2167 790 2218 nulla
833 2185 994 2236 super
1033 2166 1181 2236 ipsis,
1227 2185 1294 2218 an
1334 2166 1445 2218 illic
1489 2168 1557 2219 ad
1599 2187 1815 2220 manum
1854 2168 2204 2235 haberentur,
2295 2185 2299 2197 ³

439 2252 525 2303 vel
565 2271 596 2303 a
634 2270 760 2320 rege
786 2250 873 2302 vel
906 2251 973 2302 ab
1009 2250 1407 2320 archiepiscopo
1442 2251 1584 2303 facta
1622 2253 1916 2305 mentione.
1990 2254 2202 2325 Repor÷
2263 2247 2269 2252 ⁴
2300 2258 2301 2261 ’

440 2344 570 2391 tatae
615 2345 742 2388 sunt
783 2336 952 2404 igitur
994 2335 1051 2386 in
1091 2335 1475 2387 monasterium·
1517 2355 1639 2388 cum
1680 2338 1826 2390 omni
1869 2338 2201 2408 integritate,

439 2421 699 2474 fratribus
741 2420 990 2472 omnibus
1028 2420 1323 2490 plurimum
1355 2420 1730 2474 exultantibus
1766 2423 1824 2474 in
1859 2442 2040 2476 earum
2074 2427 2202 2480 satis

441 2507 740 2558 desiderata
778 2505 1103 2574 receptione.
1181 2505 1409 2576 Culpam
1450 2506 1668 2578 quidem
1709 2508 1914 2560 nullam
1938 2510 2020 2561 vir
2043 2530 2201 2564 vene-

439 2592 621 2644 rabilis
655 2592 769 2661 jam
810 2591 1014 2642 electus
1055 2607 1125 2642 ex
1173 2610 1236 2642 eo
1289 2592 1578 2655 contraxit,
1623 2594 1768 2662 quod
1822 2593 2199 2649 Cantuariensi

441 2676 677 2729 ecclesiae
728 2676 1007 2745 negotium
1056 2675 1260 2728 ibidem
1307 2696 1405 2746 per
1459 2692 1583 2729 eum
1643 2679 1820 2731 minus
1883 2681 2200 2750 expeditum

438 2762 621 2824 fuerit,
666 2760 794 2830 quia
836 2760 1082 2830 quisquis
1120 2779 1217 2830 pro
1254 2780 1481 2830 persona
1519 2763 1737 2833 propria
1776 2764 1985 2834 cogitur
2023 2785 2200 2835 agere,

439 2846 523 2898 his
564 2845 659 2915 qui
694 2852 850 2897 extra
890 2863 1170 2913 personam
1206 2864 1357 2898 suam
1396 2855 1523 2898 sunt
1564 2848 1768 2917 poterit
1810 2849 1987 2901 minus
2021 2851 2203 2911 inten÷

441 2932 600 2983 dere.-
658 2929 831 2982 Venit
873 2929 967 2982 1110
1007 2938 1071 2982 ut
1112 2950 1210 2999 pro
1258 2931 1491 3000 negotiis
1536 2934 1775 3001 ejusdem
1817 2935 2057 2988 ecclesiae
2099 2957 2201 3007 pro

438 3016 645 3068 viribus
681 3014 923 3078 instaret,
965 3015 1058 3066 sed
1093 3015 1279 3066 eadem
1323 3017 1640 3068 necessitate
1678 3019 1914 3088 propriae
1952 3040 2199 3090 personae

439 3101 745 3172 compulsus
770 3099 1075 3152 intermisit.
1139 3100 1383 3152 Auditus
1410 3109 1492 3153 est
1514 3103 1857 3171 postmodum
1881 3105 2196 3174 frequenter

436 3187 738 3250 asseruisse,
768 3186 913 3254 quod
937 3185 1041 3236 nisi
1075 3185 1347 3237 occasione
1378 3204 1563 3237 eorum
1591 3205 1714 3255 quae
1741 3188 1842 3239 sibi
1881 3190 2059 3243 animo
2084 3211 2200 3245 me-

434 3271 689 3323 minimus
727 3269 1035 3334 occurrisse,
1072 3269 1266 3322 summi
1295 3270 1436 3339 regis
1468 3270 1888 3340 indignationem
1922 3274 2193 3330 incurrere

435 3357 758 3426 expavisset,
783 3355 988 3407 nullius
1024 3373 1264 3423 unquam
1298 3362 1527 3406 terrenae
1561 3356 1842 3424 potestatis
1881 3358 2061 3411 favore
2096 3367 2195 3431 aut

495 3535 504 3559 ¹
538 3536 623 3578 For
643 3534 768 3592 proof
784 3534 833 3576 of
854 3534 909 3576 its
930 3533 1060 3590 being
1085 3547 1194 3589 sung
1225 3547 1339 3590 upon
1370 3532 1442 3576 the
1477 3533 1658 3577 election
1682 3534 1731 3577 of
1760 3550 1784 3578 a
1812 3550 1905 3579 new
1937 3537 2080 3594 abbot,
2114 3554 2188 3584 see

430 3593 628 3636 Martene
650 3593 702 3636 de
724 3592 874 3649 Antiq.
898 3591 1083 3646 Ritibus,
1102 3606 1139 3635 v,
1159 3591 1187 3634 i.
1213 3587 1237 3648 ξ
1260 3593 1331 3635 46.
2183 3599 2186 3602 ’
