2398 4152
213 920 288 952 The
300 918 425 962 speech

219 963 258 994 of
271 963 330 994 the
340 961 396 992 de-

217 1004 333 1046 puties
348 1003 438 1035 from

218 1047 279 1079 the
293 1046 415 1087 abbey.

491 432 596 486 150
986 445 1265 486 HISTORIA
1309 444 1721 486 FUNDATIONIS

486 571 647 640 paulo
673 579 797 623 ante
834 570 1065 639 paralysi
1103 587 1405 641 percussuS,
1443 570 1539 622 uni
1565 589 1637 622 ex
1659 570 1916 622 fratribus
1942 569 2036 640 qui
2062 586 2242 622 secum

486 656 721 720 aderant,
749 656 891 708 vices
934 675 1055 708 suas
1081 656 1348 709 commisit
1372 652 1429 707 in
1455 655 1732 708 electionis
1754 656 2097 725 publicandae
2118 675 2243 726 pro-

489 740 850 794 nunciatione.
901 741 1052 796 Quas
1076 741 1168 792 ille
1195 740 1511 810 suscipienS,
1539 759 1715 793 coram
1738 759 1864 811 rege
1889 742 2080 807 astitit,
2107 750 2164 794 et
2186 741 2245 793 in

485 824 796 894 hujusmodi
819 826 985 878 verba
1010 825 1222 895 erupit:

568 914 604 938 “
634 910 851 962 Gratias
897 911 1009 980 agit
1054 910 1502 963 excellentissime
1559 869 1772 963 domine
1822 911 1881 962 in
1922 910 2244 964 monasterio

485 1003 670 1048 nostro
714 1015 1044 1048 commorans
1085 995 1427 1065 congregatio
1466 1005 1665 1059 nostra,
1703 995 1900 1065 gratias
1943 995 2150 1064 agimus
2190 1004 2246 1047 et

486 1100 584 1133 nos
660 1081 754 1151 qui
809 1081 1235 1150 congregationis
1305 1081 1393 1133 hic
1450 1081 1592 1133 vices
1650 1081 1990 1151 exequimur,
2049 1080 2246 1150 gratias

488 1167 710 1236 inquam
768 1167 1124 1219 communiter
1172 1175 1365 1219 vestrae
1423 1166 1707 1218 referimus
1756 1166 2049 1230 serenitati,
2100 1166 2245 1235 quod

489 1271 611 1305 cum
659 1271 756 1304 nos
808 1262 864 1305 et
909 1253 1133 1305 ecclesia
1170 1261 1369 1317 nostra,
1420 1253 1584 1305 immo
1627 1261 1801 1305 vestra
1840 1271 1872 1304 a
1914 1251 2246 1321 principatus

487 1337 650 1389 vestri
698 1337 857 1389 initio
922 1337 1242 1402 dilexeritis,
1295 1337 1640 1389 dilectionem
1687 1337 1859 1407 ipsam
1895 1337 2072 1406 operis
2110 1355 2247 1388 sem-

487 1441 584 1491 per
623 1421 962 1474 exhibitione
1001 1423 1229 1492 probare
1271 1423 1476 1492 dignati
1517 1422 1661 1474 estiS.
1738 1421 1974 1491 Experti
2016 1439 2248 1491 namque

488 1507 781 1575 loquimur.
859 1505 1054 1559 Felicis
1105 1506 1307 1558 etenim
1344 1506 1730 1570 recordationis
1774 1505 1977 1558 domini
2013 1503 2248 1559 Walteri

490 1593 555 1644 de
603 1591 742 1643 Luci
782 1593 1052 1660 quondam
1088 1593 1299 1645 abbatis
1343 1592 1514 1644 nostri
1563 1592 1915 1662 temporibUS,
1953 1591 2249 1644 humilitati

487 1685 687 1729 nostrae
743 1685 921 1728 vestra
968 1695 1246 1747 nunquam
1297 1677 1477 1730 defuit
1521 1677 1822 1741 sullimitas,
1870 1692 1994 1746 quae
2041 1692 2252 1730 monas-

487 1762 612 1814 terii
671 1762 843 1814 nostri
907 1762 1126 1832 negotia
1173 1771 1431 1832 tanquam
1493 1762 1710 1832 propria
1775 1762 1981 1814 fuerint
2041 1781 2251 1832 semper

487 1848 849 1917 promovenda
888 1847 1139 1912 decrevit,
1181 1866 1278 1899 nec
1319 1848 1597 1900 libertates
1638 1847 2036 1917 dignitatesque
2078 1846 2250 1917 ipsius
2325 1862 2328 1863 ’

487 1933 634 2002 regia
674 1932 776 1984 sibi
811 1932 1131 1985 auctoritate
1167 1952 1198 1984 a
1229 1932 1418 2003 primis
1452 1932 1815 1985 fundamentis
1842 1950 2113 1984 concessas
2155 1931 2253 1984 ali-

492 2026 758 2086 quatenus
805 2017 1055 2069 imminui
1103 2019 1366 2088 permisit.
1462 2017 1581 2070 Nec
1628 2026 1753 2088 post
1801 2018 2040 2087 ejusdem
2083 2016 2252 2086 patris

491 2103 660 2155 nostri
684 2103 959 2154 decessum
985 2103 1123 2155 circa
1145 2121 1243 2155 nos
1268 2103 1396 2155 licet
1413 2102 1708 2155 immeritos
1728 2112 2017 2173 conceptus
2034 2101 2252 2172 pietatis

490 2197 682 2240 vestrae
710 2188 890 2257 tepuit
915 2188 1155 2251 affectuS,
1183 2207 1306 2240 cum
1332 2187 1552 2257 quidem
1577 2196 1798 2241 vacante
1826 2189 1939 2258 jam
1964 2207 2059 2258 per
2087 2204 2252 2239 annos

495 2273 615 2325 iiiior
640 2273 860 2325 ecclesia
898 2282 1079 2325 nostra
1117 2273 1197 2344 pii
1234 2274 1463 2344 pastoris
1488 2274 1629 2326 vices
1666 2274 1822 2326 nobis
1862 2271 2250 2343 impenderitiS,

495 2358 804 2410 necessariis
835 2359 1007 2410 victus
1043 2368 1098 2411 et
1126 2359 1353 2411 vestitus
1391 2359 1721 2411 sufficienter
1750 2368 1805 2412 et
1830 2358 2055 2410 honeste
2096 2356 2254 2409 nobis

493 2443 772 2508 exhibitis,
823 2443 1153 2514 praescriptis
1207 2444 1370 2496 etiam
1413 2444 1767 2513 dignitatibus
1806 2452 1862 2495 et
1910 2443 2254 2495 libertatibus

492 2528 688 2580 nostris
728 2528 786 2579 in
827 2548 922 2581 sua
961 2529 1273 2598 integritate
1320 2530 1657 2581 conservatiS.
1735 2528 1804 2581 In
1841 2529 1925 2580 1118
1963 2547 2089 2581 vero
2130 2527 2253 2597 plu-

492 2614 690 2665 rimum
733 2614 968 2678 honoriS,
1011 2615 1092 2666 vir
1129 2614 1354 2666 illustris
1396 2615 1644 2667 dominus
1683 2614 1951 2667 Ricardus
1990 2614 2055 2665 de
2096 2612 2253 2676 Luci,

493 2707 689 2749 vestrae
730 2698 1038 2750 celsitudini
1078 2698 1375 2751 dinoscitur
1415 2699 1721 2763 contulisse,
1781 2699 1877 2768 qui
1916 2698 2255 2751 commissum

497 2783 601 2834 sibi
626 2784 1021 2853 procurationis
1048 2784 1303 2847 officium,
1331 2792 1449 2836 tum
1473 2803 1571 2853 per
1596 2803 1671 2848 se,
1710 2792 1829 2835 tum
1853 2802 1951 2853 per
1985 2782 2255 2834 ministros

498 2887 622 2920 suos
660 2877 774 2920 -tam
816 2868 1044 2920 sollicita
1071 2869 1354 2920 devotione
1382 2869 1594 2920 studuit
1635 2869 1773 2920 circa
1811 2886 1908 2919 nos
1943 2867 2253 2937 adimplere,

498 2963 562 3006 ut
600 2973 758 3006 nemo
802 2962 1046 3006 nostrum
1094 2954 1288 3006 merito
1331 2955 1502 3023 possit
1544 2954 1765 3018 causari,
1811 2954 1914 3006 sibi
1964 2955 2255 3024 quicquam

499 3059 700 3102 eorum,
732 3059 855 3109 quae
881 3039 1018 3090 ratio
1046 3039 1283 3091 dictabat
1308 3039 1742 3102 administranda,
1766 3039 2016 3092 defuisse.

574 3129 609 3152 “
629 3123 845 3178 Nostrae
872 3123 1042 3192 igitur
1068 3122 1362 3192 exiguitati
1388 3123 1462 3174 sic
1488 3123 1747 3175 hactenus
1772 3124 1829 3175 in
1856 3123 2105 3175 omnibus
2143 3142 2258 3176 ves-

500 3218 583 3261 tra
609 3209 1032 3260 condescendere
1059 3208 1277 3277 dignata
1304 3216 1384 3260 est
1410 3208 1748 3273 excellentia,
1776 3218 1839 3261 ut
1862 3208 2112 3260 desiderii
2139 3208 2259 3277 qui·
2382 3262 2386 3271 ρ

502 3295 624 3345 (10111
650 3293 819 3345 nostri
839 3293 1024 3357 fuerit,
1050 3293 1255 3347 nemini
1280 3293 1337 3345 in
1361 3302 1637 3363 posterum
1662 3293 1768 3345 nisi
1792 3293 1943 3345 vobis
1960 3294 2194 3358 subesse,
2216 3293 2261 3345 si
2334 3285 2345 3323 4»

502 3379 559 3429 id
575 3379 753 3447 ipsum
768 3377 906 3429 ratio
934 3378 1290 3430 ecclesiastica
1315 3396 1444 3431 usus
1469 3386 1525 3430 et
1549 3379 1748 3430 ordinis
1772 3378 1933 3430 vellet
1957 3378 2258 3431 admittere.
2336 3440 2337 3443 Ἴ

504 3463 648 3518 Quis
684 3463 827 3515 enim
851 3464 990 3515 bene
1017 3463 1074 3514 in
1098 3463 1254 3515 bonis
1281 3472 1569 3533 expertum
1593 3482 1702 3515 non
1727 3463 1853 3516 satis
1878 3471 2104 3532 experto
2129 3461 2262 3515 velit
2330 3461 2346 3522 ζ

503 3557 693 3618 sponte
720 3556 1047 3601 commutare
1070 3549 1091 3600 ἲ
1137 3548 1349 3602 Verum
1374 3549 1626 3618 quoniam
1652 3549 1718 3601 ab
1745 3548 2114 3601 ecclesiasticis
2137 3566 2262 3618 pro·
2334 3571 2342 3606 ,ῖς
2376 3588 2377 3592 ,

503 3634 647 3686 cedit
689 3634 972 3697 institutiS‚
1017 3633 1242 3703 singulis
1269 3634 1506 3687 000108118
1533 3634 1770 3703 singulos
1794 3642 2032 3704 pastores
2056 3631 2259 3703 praefici
2329 3630 2342 3666 ἶ
