2398 4152
685 411 1050 453 MONASTERII
1093 410 1173 450 DE
1215 409 1420 449 BELLo.
1835 398 1902 448 33

172 536 407 587 ecclesiae
432 534 600 586 sancti
626 533 878 586 Nicholai
905 531 1177 601 delegatiS,
1205 550 1267 582 ea
1292 538 1468 581 tamen
1512 529 1814 580 conditione
1842 538 1904 582 ut

170 637 266 687 pro
309 617 651 687 subjectionis
692 615 1070 684 recognitione,
1122 613 1357 665 ecclesiae
1395 612 1562 664 sancti
1588 612 1812 664 Martini
1837 613 1900 664 de

172 701 323 752 Bello
360 700 535 769 portio
573 718 758 751 census
784 698 1018 760 definita,
1045 697 1322 764 sexaginta
1360 695 1514 747 solidi
1539 694 1756 758 scilicet,
1783 714 1902 763 per-

169 783 534 834 solverentur.¹
592 781 728 833 Haec
752 781 918 849 igitur
943 781 1008 831 ab
1036 780 1217 831 ordine
1245 778 1613 846 digredienteS‚
1636 778 1900 828 succincte

169 865 365 917 dixisse
391 866 636 917 sufficiat.
712 863 978 914 Caeterum
1004 871 1066 913 ut
1090 862 1293 913 omissis
1319 880 1372 911 se
1400 860 1627 911 calamus
1652 860 1899 927 applicet,

167 949 529 1019 magnanimus
571 946 805 1002 ecclesiae
845 961 956 995 suae
994 943 1319 1013 prospiciens
1362 961 1475 1003 rex,
1519 950 1807 998 mercatum
1844 943 1900 993 in

166 1033 291 1083 villa
326 1030 484 1093 Belli,
527 1028 810 1081 Dominico
836 1027 939 1089 die,
966 1028 1196 1078 liberum
1221 1026 1435 1076 omnino
1461 1033 1516 1075 et
1542 1024 1801 1091 quietum,
1841 1043 1900 1076 ac

166 1114 398 1165 ecclesiae
418 1121 472 1164 et
487 1110 753 1162 monachis
770 1111 969 1177 absque
985 1109 1148 1160 ullius
1168 1107 1466 1169 exactione,
1478 1107 1600 1176 jure
1619 1114 1898 1175 perpetuo,

166 1205 228 1247 ut
251 1196 525 1266 proprium
561 1194 627 1245 ad
651 1193 1038 1262 disponendum
1075 1190 1372 1253 constituit,
1401 1198 1456 1240 et
1491 1189 1636 1258 regia
1672 1189 1901 1239 auctori-

167 1287 275 1330 tate
302 1278 643 1331 confirmavit.

235 1362 527 1414 Ecclesiam
551 1362 732 1430 itaque
777 1379 925 1413 suam
951 1361 1015 1412 de
1043 1359 1197 1411 Bello
1238 1357 1713 1410 excellentissimus
1755 1357 1900 1425 prin·
1923 1380 2041 1413 Privne
2066 1389 2102 1412 es

1922 1426 2040 1461 grante

166 1464 287 1514 ceps
313 1453 368 1497 et
391 1445 582 1496 merito
603 1444 953 1496 nominandus
978 1462 1078 1495 rex
1101 1442 1424 1503 Willelmus,
1452 1449 1514 1492 ut
1539 1459 1697 1508 supra
1722 1441 1901 1491 texui·
1922 1464 2035 1495 name
2050 1466 2093 1506 by
2108 1462 2166 1495 the

165 1548 299 1592 mus,
327 1548 447 1580 cum
470 1528 682 1596 leugam
707 1535 762 1578 et
787 1527 1031 1578 omnibus
1056 1525 1301 1577 maneriis
1327 1525 1434 1575 suis
1458 1524 1541 1575 vel
1562 1523 1901 1591 possessiom-

167 1613 267 1663 bus
292 1613 356 1663 ad
399 1630 514 1662 eam
552 1611 940 1680 pertinentibus
979 1610 1044 1661 ab
1085 1609 1226 1660 omni
1269 1607 1649 1659 consuetudine
1676 1615 1899 1656 terrenae

166 1694 434 1746 servitutis
458 1695 677 1745 liberam
701 1703 756 1745 et
781 1694 1016 1761 quietam
1040 1693 1097 1743 in
1121 1700 1442 1761 perpetuum
1468 1709 1579 1742 esse
1605 1689 1899 1752 constituit,

168 1786 223 1829 et
246 1778 392 1845 regia
415 1777 727 1828 auctoritate
754 1776 1111 1838 confirmavit3
1152 1775 1354 1825 scilicet
1378 1775 1442 1825 ab
1470 1773 1612 1824 omni
1636 1773 1810 1840 geldo,
1847 1782 1903 1824 et

169 1869 332 1923 scoto,
360 1869 414 1912 et
451 1860 683 1927 hidagio,
711 1867 766 1910 et
798 1859 1106 1926 denegeldo,
1150 1866 1204 1909 et
1246 1858 1390 1920 sires,
1419 1865 1474 1907 et
1511 1855 1818 1917 hundredis,
1848 1864 1903 1907 et

167 1945 411 1996 omnibus
434 1943 642 2011 placitis
667 1951 721 1993 et
747 1942 993 2010 querelis,
1022 1949 1076 1991 et
1115 1940 1360 1991 omnibus
1385 1939 1621 2002 auxiliis,
1650 1947 1704 1989 et
1745 1939 1902 1990 lesta-

166 2027 285 2095 giis,
313 2037 368 2079 et
391 2026 560 2088 sartis,
588 2033 643 2076 et
678 2024 949 2087 clausuris,
995 2032 1049 2074 et
1089 2023 1333 2074 omnibus
1377 2023 1626 2091 operibus
1665 2022 1903 2073 castello-

166 2129 284 2161 rum
328 2118 381 2161 et
417 2127 695 2178 parcorum
749 2116 803 2158 et
840 2107 1086 2175 pontium
1129 2114 1184 2157 et
1226 2106 1580 2169 exercituum,
1622 2124 1742 2156 cum
1786 2124 1903 2156 saca

168 2201 222 2243 et
246 2211 418 2254 socna,
446 2200 501 2242 et
525 2191 657 2253 thol,
684 2199 739 2241 et
764 2190 957 2252 theam,
985 2198 1040 2240 et
1078 2189 1530 2256 infangenetheof,
1558 2196 1614 2239 et
1650 2188 1901 2255 warpeni,

169 2284 223 2327 et
245 2276 541 2336 hamsocne,
569 2282 623 2324 et
661 2273 862 2335 forstal,
891 2280 946 2323 et
987 2272 1254 2334 blodwite,
1283 2279 1337 2322 et
1375 2271 1623 2333 cildwite,
1651 2279 1706 2321 et
1743 2271 1902 2321 latro-

103 2428 105 2430 >
167 2358 306 2410 cinio
331 2358 375 2409 si
400 2357 457 2408 in
482 2357 636 2408 terris
675 2356 910 2408 ecclesiae
948 2355 1093 2406 illius
1131 2354 1398 2406 acciderit.
1476 2354 1639 2408 Quod
1676 2354 1719 2404 si
1757 2373 1902 2405 mur-

170 2442 260 2493 dre
305 2441 580 2492 inventum
620 2439 785 2491 fuerit
827 2440 883 2490 in
927 2440 1106 2507 aliquo
1148 2439 1281 2500 loco,
1327 2456 1485 2505 super
1527 2444 1720 2487 terram
1757 2436 1901 2488 illius

170 2523 405 2575 ecclesiae
450 2523 615 2573 sancti
659 2522 883 2573 Martini
927 2522 1130 2572 scilicet
1186 2521 1249 2571 de
1296 2519 1467 2581 Bello,
1522 2519 1578 2570 in
1631 2519 1804 2587 leuga,
1843 2520 1900 2570 in

168 2606 429 2668 maneriiS,
475 2606 559 2657 vel
600 2605 656 2655 in
699 2605 947 2656 membris
990 2623 1189 2667 eorum,
1226 2603 1405 2655 nullus
1448 2621 1501 2653 se
1544 2602 1899 2653 intromittere

169 2689 345 2751 debet,
386 2687 488 2740 nisi
529 2689 690 2740 abbas
733 2698 788 2740 et
825 2689 1067 2740 monachi
1110 2689 1241 2756 ejus.
1326 2686 1402 2737 Et
1440 2686 1484 2736 si
1527 2685 1804 2736 thesaurus
1844 2686 1900 2735 in

167 2772 403 2840 praefatis
445 2772 599 2823 terris
640 2772 875 2823 ecclesiae
914 2771 1056 2822 illius
1094 2777 1337 2839 repertus
1367 2769 1549 2831 fuerit,
1576 2777 1639 2820 ut
1664 2769 1899 2821 ecclesiae

169 2864 224 2906 et
248 2856 453 2907 abbatis
477 2864 636 2923 atque
654 2856 1027 2906 monachorum
1052 2855 1121 2905 sit
1146 2862 1307 2916 totus,
1329 2853 1601 2904 concessit.
1675 2853 1900 2904 Waren-

169 2957 289 2989 nam
328 2939 488 2990 etiam
529 2939 585 2990 in
626 2939 742 3007 ipsa
782 2939 939 3006 leuga
963 2938 1047 2989 vel
1084 2938 1141 2988 in
1182 2936 1429 2987 maneriis
1471 2937 1637 3004 ipsius
1663 2936 1898 2986 ecclesiae

170 3021 370 3090 ubique
407 3023 701 3075 constituit.
779 3022 1042 3090 Praecepit
1067 3039 1189 3072 vero
1224 3021 1366 3072 idem
1404 3019 1597 3071 nobilis
1634 3020 1896 3087 princeps,

169 3106 418 3172 quatinus
443 3106 660 3157 ecclesia
684 3106 774 3156 illa
798 3125 918 3157 cum
945 3105 1189 3156 omnibus
1214 3104 1367 3154 terris
1392 3111 1446 3153 et
1482 3102 1900 3170 possessionibus

170 3187 277 3239 suis
300 3189 468 3239 libera
492 3188 562 3239 sit
587 3197 641 3239 et
665 3207 847 3239 secura
871 3189 936 3239 ab
964 3188 1106 3238 omni
1134 3186 1491 3238 dominatione
1518 3186 1818 3254 principum
1844 3196 1898 3239 et

231 3323 242 3346 ¹
263 3322 315 3364 In
341 3323 413 3365 the
450 3323 660 3366 Taxation
682 3323 730 3365 of
759 3323 874 3379 Pope
911 3323 992 3364 Ni-
1081 3321 1218 3364 stated
1234 3321 1325 3362 that
1342 3320 1413 3362 the
1426 3321 1537 3377 prior
1558 3321 1604 3362 of
1629 3321 1671 3363 S.
1690 3321 1735 3362 N
1738 3321 1896 3364 icholas

171 3377 325 3433 cholas,
359 3380 431 3422 the
471 3380 612 3437 tythes
649 3381 697 3423 of
738 3380 798 3423 St.
823 3380 992 3422 Olave's
1077 3378 1268 3422 received
1303 3378 1409 3419 from
1446 3377 1531 3419 this
1588 3378 1734 3434 chapel
1782 3379 1896 3434 eight

172 3434 318 3492 chapel
353 3451 421 3479 are
448 3438 657 3491 returned,
695 3438 789 3487 mh
822 3437 912 3479 that
940 3437 990 3491 is,
1076 3435 1269 3490 shillings
1314 3434 1471 3491 yearly,
1503 3435 1584 3477 and
1620 3435 1718 3477 nine
1766 3450 1896 3492 pence

171 3506 217 3533 as
237 3493 380 3550 barely
410 3495 618 3537 sufficient
638 3495 701 3536 for
725 3495 796 3536 the
819 3502 990 3551 support
1074 3494 1181 3535 from
1204 3493 1274 3535 the
1297 3492 1452 3548 tythes.

171 3548 220 3590 of
240 3564 318 3591 one
351 3550 558 3608 chaplain.
621 3552 660 3594 It
692 3553 727 3594 is
765 3551 990 3594 elsewhere

1650 3638 1686 3671 D

1862 1523 1872 1533 ·
1923 1505 2129 1546 Conqueror.
