2398 4152
231 1941 393 1979 Richard,

230 1983 445 2025 Archbishop

228 2024 267 2055 of
280 2026 420 2057 Cauter-

229 2065 329 2117 burg.

522 447 629 498 144
1025 460 1306 502 HISTORIA
1349 462 1770 503 FUNDATIoms

517 580 642 632 hinc
680 599 805 631 eum
845 597 984 633 saeva
1008 583 1289 634 memorati
1329 584 1521 652 flagitii
1555 586 1908 653 redarguente
1935 587 2276 653 conscientia,
2327 602 2346 634 ².

515 666 642 717 inde
668 667 970 719 inevitabili
995 668 1309 720 imminente
1327 670 1588 739 periculo,
1612 671 1815 740 quippe
1842 691 1963 723 cum
1987 662 2277 747 filius2eJ‘us

516 770 688 819 pauca
730 752 947 802 navium
995 752 1345 804 multitudine
1392 754 1449 804 in
1500 755 1850 807 transmarino
1899 756 2100 820 littore,
2150 771 2275 810 cum
2343 760 2346 765 ’

515 835 841 887 intolerabili
892 837 1137 888 exercitu
1185 846 1507 890 armatorum
1566 857 1792 906 regnum
1841 841 1955 909 jam
2002 828 2277 893 videretur
2315 846 2326 893 1

517 925 916 988 occupaturus.¹
983 920 1071 972 Sic
1087 922 1145 972 in
1169 926 1315 974 arcto
1339 922 1548 991 positus
1569 923 1759 975 didicit
1771 923 2062 987 humiliari,
2084 932 2140 976 et
2157 922 2273 995 jam

513 1005 744 1056 feritatis
771 1005 973 1056 oblitus
1003 1005 1347 1057 Cantuariam
1386 1007 1611 1058 celerius
1650 1007 1801 1072 adiit,
1846 1008 2271 1079 discalciatisque
2331 1014 2342 1082 ³.

511 1090 742 1158 pedibus
787 1108 910 1141 cum
954 1089 1413 1159 appropinquaret
1456 1090 1677 1155 civitati,
1731 1092 2074 1161 sepulchrum
2120 1093 2269 1145 beati
2342 1148 2343 1153 ,

511 1175 759 1243 martyris
782 1175 944 1244 petiit
959 1195 1013 1226 se
1037 1194 1190 1227 reum
1207 1176 1481 1240 confitens,
1499 1178 1708 1228 veniam
1732 1178 2027 1246 postulans,
2047 1178 2272 1247 dignum
2339 1220 2341 1222 -

508 1261 854 1328 poenitentiae
896 1261 1134 1312 fructum
1172 1261 1509 1330 promittens.
1587 1261 1801 1314 Memor
1837 1262 2105 1314 Dominus
2146 1282 2270 1315 cum
2328 1284 2334 1314 ·.

509 1353 740 1414 martyre
785 1365 881 1397 suo
921 1345 1094 1397 solitae
1133 1346 1533 1409 misericordiae,
1584 1364 1693 1397 non
1734 1346 1946 1398 distulit
1984 1346 2270 1399 humiliato
2330 1345 2339 1402 ³:

508 1429 926 1480 misericordiam
959 1438 1231 1499 praestare,
1258 1430 1499 1481 subitum
1536 1431 1802 1498 quendam
1828 1431 2075 1483 timorem
2099 1431 2271 1484 hosti·

506 1514 609 1565 bus
651 1515 768 1583 ejus
806 1514 1119 1577 immittens,
1147 1522 1211 1565 ut
1247 1533 1379 1565 mox
1403 1522 1611 1566 mutato
1637 1514 1858 1566 consilio
1885 1515 2079 1584 coeptis
2105 1515 2269 1568 desis-

506 1606 700 1662 terent,
744 1607 800 1650 et
825 1618 856 1650 a
879 1599 1013 1650 mari
1041 1600 1185 1667 quod
1219 1598 1615 1667 transnavigare
1640 1607 1956 1669 paraverant
1980 1599 2144 1668 pedes
2181 1619 2269 1651 re-
2339 1663 2341 1665 ι

505 1682 793 1735 traherent.
873 1684 1142 1736 Hostibus
1168 1685 1285 1754 ejus
1311 1683 1573 1735 universis
1597 1683 1654 1734 in
1678 1683 1829 1735 brevi
1854 1684 2054 1736 virtute
2086 1684 2266 1737 divina

503 1767 864 1837 triumphatis,
891 1788 1055 1838 regno
1084 1787 1301 1837 quoque
1325 1768 1624 1837 pacificato,
1644 1787 1799 1837 agere
1817 1768 1984 1838 coepit
2010 1768 2266 1838 quatinus

502 1851 723 1903 ecclesia
749 1851 1150 1905 Cantuariensis
1175 1853 1327 1920 regni
1354 1853 1437 1904 sui
1462 1853 1774 1923 metropolis
1798 1862 2067 1923 pastorem
2098 1854 2264 1906 susci·
2327 1895 2329 1897 -

500 1945 668 2004 peret.
744 1937 967 1990 Electus
1018 1946 1099 1989 est
1146 1938 1332 2007 itaque
1375 1938 1668 2008 jamdictus
1719 1938 1986 1991 Ricardus
2027 1937 2266 1991 Cantua-
2325 1938 2328 1939 ⁷

499 2021 687 2073 riensis
714 2022 951 2074 ecclesiae
978 2023 1283 2085 monachus,
1323 2042 1354 2074 a
1395 2042 1602 2075 summo
1623 2023 1886 2075 Romanae
1913 2023 2053 2075 sedis
2077 2024 2260 2093 ponti·

499 2106 597 2157 fiee
638 2115 701 2159 ut
739 2126 900 2177 supra
933 2107 1275 2159 meminimus
1301 2116 1422 2176 post
1446 2108 1716 2159 modicum
1743 2116 2096 2160 consecratus.
2175 2107 2261 2160 De
2347 2113 2349 2115 ’
2397 2152 2398 2178 ἦ

501 2209 609 2261 quo
658 2193 1180 2261 praetermittendum
1222 2192 1442 2243 minime
1491 2192 1720 2256 videtur,
1773 2193 1976 2262 quippe
2018 2210 2140 2243 cum
2181 2211 2262 2244 se·
2325 2206 2331 2225 ³

500 2277 689 2345 quenti
732 2276 1023 2328 narrationi
1074 2277 1145 2328 sit
1193 2276 1565 2339 necessarium,
1620 2277 1764 2346 quod
1809 2296 1930 2328 cum
1970 2295 2098 2329 mox
2135 2284 2262 2346 post
2315 2331 2319 2333 λ

499 2361 817 2413 electionem
851 2381 1018 2426 suam,
1062 2361 1458 2413 consecratione
1500 2380 1595 2412 sua
1633 2381 1740 2413 non
1778 2369 2081 2431 expectata,
2110 2378 2260 2430 quae-
2321 2400 2325 2407 .

499 2446 621 2497 dam
645 2447 862 2515 publice
890 2447 1172 2498 statuenda
1196 2446 1533 2509 decrevisset,
1569 2447 1817 2498 dominus
1843 2465 1983 2516 papa
2007 2446 2065 2497 in
2089 2446 2260 2515 ipsius

499 2532 893 2583 consecratione
934 2539 1124 2583 cuncta
1168 2548 1290 2601 quae
1335 2549 1366 2581 a
1400 2530 1485 2582 die
1529 2530 1805 2582 electionis
1850 2549 1961 2582 suae
2003 2531 2259 2583 statuisse
2321 2525 2338 2600 ζ’

495 2615 640 2668 visus
690 2625 787 2679 est,
838 2616 896 2666 in
944 2616 1158 2668 irritum
1206 2615 1432 2684 redegit.
1509 2615 1563 2668 A
1611 2616 1798 2686 primis
1849 2615 2017 2684 igitur
2068 2615 2259 2668 diebus
2385 2687 2388 2701 ‚

497 2701 652 2752 exilii
700 2700 849 2753 beati
892 2701 1140 2770 martyris
1187 2701 1410 2752 Thomae
1456 2719 1627 2769 usque
1669 2701 1737 2752 ad
1777 2699 2112 2760 succedentis
2152 2699 2258 2751 sibi

494 2784 879 2853 archiepiscopi
919 2785 1141 2836 Ricardi
1177 2785 1411 2836 reditum
1445 2805 1476 2836 a
1502 2786 1624 2837 sede
1652 2785 1943 2855 apostolica
1966 2783 2163 2836 multas
2189 2791 2253 2836 ut
2316 2792 2318 2794 ’

493 2869 847 2938 praediximus
896 2887 992 2938 per
1043 2867 1296 2937 Angliam
1352 2869 1616 2931 ecclesias,
1684 2869 1964 2938 multaque
2027 2868 2255 2938 contigit
2320 2919 2322 2922 ,
2381 2866 2385 2930 f

493 2973 677 3006 vacare
715 2953 1052 3005 monasteria.
1129 2953 1463 3005 Vacantibus
1506 2972 1737 3021 namque
1782 2953 1999 3004 sedibus
2046 2953 2252 3022 episco-
2312 2952 2333 3019 s

492 3039 722 3108 palibus,
750 3038 1123 3108 episcoporum
1149 3037 1340 3089 electio
1375 3037 1526 3089 nulla
1550 3038 1667 3089 fieri
1702 3037 1884 3106 potuit
1916 3037 2002 3089 vel
2042 3037 2249 3102 debuit,
2314 3038 2319 3039 ⁷

493 3143 614 3176 cum
640 3122 1069 3192 archiepiscopus
1089 3140 1198 3172 non
1223 3122 1432 3172 adesset
1459 3121 1553 3190 qui
1572 3140 1757 3172 eorum
1783 3120 2100 3173 electionem
2127 3140 2255 3174 con·
2305 3120 2307 3126 ’

490 3209 743 3272 firmaret,
784 3217 838 3260 et
878 3208 1076 3259 electos
1117 3215 1465 3270 consecraret,
1503 3226 1600 3259 nec
1635 3207 1811 3258 minus
1838 3206 2007 3258 otiosa
2031 3207 2250 3260 videba—
2310 3258 2311 3262 ,

490 3303 580 3345 tur
623 3293 989 3363 quorumlibet
1029 3292 1098 3343 ad
1131 3291 1574 3345 monasteriorum
1604 3291 1842 3360 regimen
1867 3291 2092 3355 vocatio,
2122 3292 2251 3344 dum
2308 3336 2309 3339 ,

488 3398 586 3449 per
626 3379 859 3430 dioceses
892 3377 1070 3428 minus
1111 3384 1287 3427 essent
1321 3376 1619 3445 pontificeS,
1647 3395 1743 3445 per
1770 3372 1904 3444 quos
1938 3380 2249 3428 vocatorum
2301 3437 2306 3444 ⁴

487 3465 641 3516 fieret
684 3462 974 3515 institutio.
1052 3461 1325 3513 Praeterea
1374 3481 1496 3513 cum
1544 3480 1644 3512 rex
1694 3461 1941 3512 omnibus
1990 3461 2246 3513 interesse
2307 3530 2309 3534 ι

486 3550 667 3601 volens
701 3548 837 3601 nihil
874 3554 1074 3618 praeter
1113 3565 1168 3598 se
1211 3547 1328 3598 fieri
1362 3547 1716 3618 permitteret,
1761 3554 1877 3597 orta
1900 3555 2024 3615 post
2047 3555 2244 3616 marty·
2298 3559 2311 3618 ι’

758 3658 769 3682 ¹
802 3658 882 3700 See
914 3656 1078 3700 Girald.
1112 3656 1282 3700 Cambr.
1305 3657 1358 3700 de
1389 3658 1516 3702 Instr.
1549 3657 1810 3715 Principum,
1832 3672 1873 3715 p.
1898 3661 1967 3701 20.
