2398 4152
251 2163 324 2196 The
335 2162 461 2204 judges

249 2206 363 2238 advise
378 2215 399 2236 a
413 2215 503 2238 com-

275 2247 401 2280 osition

275 2293 404 2321 etween
419 2286 478 2319 the

249 2330 462 2369 contending

250 2373 392 2415 parties.

264 3176 334 3207 The
345 3178 450 3206 terms
466 3173 504 3208 of

258 3218 317 3266 ἵξις
332 3227 468 3258 compo-

261 3265 377 3292 emon.

527 385 631 444 178
1023 399 1323 441 ΗΙεΤοΒῙΑΥ
1359 399 1772 440 FUNDATIONIS

522 528 692 597 igitur
716 526 1012 579 electionis
1037 533 1277 595 tempore
1301 523 1443 575 facta
1466 523 1634 575 fuerit
1658 523 2006 592 praesentatio
2049 531 2105 575 et
2143 539 2280 593 prae-

525 611 719 664 sentati
758 610 1050 673 institutio,
1092 610 1223 661 dum
1249 608 1428 660 omnia
1460 608 1519 659 in
1543 608 1939 660 consecratione
1963 615 2282 660 revocantur
2342 603 2355 656 ἶ

524 697 581 748 in
603 697 834 759 irritum,
872 702 1080 747 constat
1120 693 1281 745 etiam
1309 693 1456 762 quod
1481 693 1743 762 quicquid
1766 692 1905 745 circa
1926 711 2163 762 praesens
2186 700 2281 746 ne·

523 781 732 850 gotium
758 788 840 832 est
864 786 1244 850 attemptatum
1270 779 1370 831 sub
1396 777 1742 830 universitate
1760 777 2115 840 concluditur,
2135 777 2279 829 unde
2338 762 2356 851 J

524 875 580 918 et
609 867 666 917 in
698 865 913 916 irritum
938 863 1293 933 proculdubio
1318 870 1614 915 revocatur.
1692 862 1838 917 Quia
1863 863 2007 914 enim
2032 868 2281 931 respectu
2336 891 2349 932 3-

523 949 831 1020 apostolicae
857 947 1192 1001 auctoritatis
1209 947 1418 999 modica
1442 954 1538 998 aut
1559 946 1711 998 nulla
1734 965 1846 999 esse
1872 946 2167 998 dinoscitur
2183 965 2280 1016 po·

522 1042 687 1086 testas
722 1032 1052 1103 episcopalis,
1095 1050 1219 1100 quae
1255 1031 1320 1083 ab
1357 1030 1728 1083 excellentiori
1768 1030 2140 1095 dissolvantur,
2183 1048 2280 1100 per

524 1118 794 1171 inferioris
822 1117 1020 1170 ordinis
1045 1116 1269 1186 gradum
1287 1115 1534 1185 nequivit
1549 1115 1786 1185 accipere
1805 1115 2131 1168 firmitatem.
2172 1114 2280 1167 To·

525 1204 634 1256 tius
659 1204 844 1272 itaque
869 1203 948 1255 rei
973 1202 1108 1254 serie
1136 1201 1445 1270 diligentius
1479 1200 1827 1264 considerata,
1856 1200 1985 1253 dum
2009 1199 2189 1252 omnia
2220 1199 2280 1252 in

519 1289 658 1359 juris
671 1287 1010 1340 ecclesiastici
1028 1286 1402 1357 praejudicium
1417 1293 1723 1355 perpetrata
1736 1284 2280 1348 videntur‚firmitatis

525 1391 636 1425 suae
666 1392 773 1424 non
806 1371 1077 1424 immerito
1118 1371 1284 1423 robur
1316 1370 1590 1434 amittunt,
1627 1370 1881 1438 quoniam
1916 1370 1977 1421 in
2010 1369 2281 1422 ecclesias·

524 1458 647 1510 ticae
698 1456 984 1509 soliditatis
1031 1456 1208 1507 radice
1251 1474 1359 1506 non
1423 1455 1739 1506 subsistunt.
1817 1453 2002 1507 Plenae
2063 1454 2280 1507 institu-

523 1542 686 1595 tionis
728 1541 966 1611 postulat
1002 1558 1123 1608 pars
1160 1540 1377 1592 adversa
1415 1538 1736 1591 beneficium
1786 1558 1908 1591 cum
1956 1538 2138 1609 potius
2185 1540 2280 1592 be-
2334 1525 2353 1595 :³2

522 1627 713 1679 neficio
761 1624 1025 1695 portionis
1061 1623 1260 1693 privari
1296 1624 1571 1687 meruerit,
1624 1624 1770 1693 quod
1816 1625 1873 1676 in
1922 1624 2149 1694 praefata
2195 1643 2280 1676 ec·
2333 1621 2346 1685 ᾗ

523 1711 682 1763 clesia
720 1711 785 1761 de
830 1710 927 1762 Wi
974 1709 1125 1762 nullo
1162 1708 1386 1761 rationis
1433 1708 1596 1761 titulo
1646 1709 1942 1762 dinoscitur
1988 1709 2276 1779 possidere.

525 1795 829 1864 Spoliatum
863 1804 944 1846 est
966 1795 1090 1864 jure
1127 1812 1223 1846 suo
1249 1812 1439 1845 vacans
1472 1794 1872 1858 monasterium,
1899 1813 1997 1847 nec
2029 1802 2282 1847 tenentur
2332 1783 2344 1849 :³

522 1880 722 1949 injuste
748 1878 981 1949 spoliati,
1007 1880 1066 1930 in
1093 1880 1216 1949 jure
1252 1897 1349 1931 suo
1373 1878 1693 1948 respondere
1726 1879 1830 1931 nisi
1861 1879 2097 1949 primum
2126 1879 2282 1932 resti·
2336 1872 2349 1926 ’Ῑ

524 1964 650 2028 tuti,
686 1964 830 2016 unde
864 1975 919 2016 et
957 1964 1205 2016 dominus
1238 1964 1402 2016 abbas
1440 1964 1505 2015 de
1532 1962 1686 2015 Bello
1709 1982 1808 2033 pro
1832 1965 2154 2017 monasterio
2182 1983 2280 2018 suo
2332 1955 2349 2010 s·
2390 1967 2393 2018 ss

525 2068 688 2118 agens
720 2049 861 2119 juris
900 2048 984 2101 sui
1031 2049 1173 2118 petit
1220 2048 1639 2112 restitutionem,
1685 2049 2029 2118 postmodum
2064 2058 2282 2120 paratus
2332 2046 2349 2098 s

524 2134 592 2185 ad
642 2134 1002 2185 exhibendam
1045 2133 1278 2202 justitiae
1327 2133 1772 2202 plenitudinem.”
1849 2134 1986 2186 Cum
2032 2135 2091 2187 in
2137 2136 2282 2188 hunc
2331 2155 2338 2199 3·
2386 2175 2387 2178 η

523 2219 743 2270 modum
789 2217 1041 2287 magister
1092 2217 1368 2270 Gerardus
1417 2218 1475 2269 in
1524 2218 1764 2270 omnium
1814 2220 2088 2272 audientia
2126 2240 2282 2291 pero·
2334 2251 2338 2253 -

522 2311 708 2366 rasset,
750 2311 806 2355 et
851 2301 1226 2371 allegationem
1269 2321 1418 2355 suam
1459 2302 1641 2371 legum
1680 2322 1739 2355 ac
1780 2304 2116 2358 decretorum
2156 2325 2281 2376 quae
2390 2330 2392 2334 ’

522 2388 611 2439 hic
673 2387 906 2439 inserere
956 2387 1179 2455 longum
1229 2395 1343 2439 erat
1395 2387 1811 2440 auctoritatibus
1869 2391 2281 2459 comprobasset,

517 2473 739 2542 jamque
783 2490 881 2541 pro
927 2471 1245 2540 allegatione
1293 2474 1529 2540 partium
1565 2472 1787 2525 ferenda
1824 2483 1963 2525 esset
1998 2476 2282 2542 sententia,
2331 2482 2336 2516 5

525 2556 758 2625 delegati
789 2556 1003 2626 judices
1027 2557 1172 2608 haud
1199 2556 1425 2608 dubium
1451 2557 1585 2626 quin
1610 2558 1844 2610 adversae
1867 2559 2009 2628 parti
2032 2570 2283 2631 respectu
2328 2568 2339 2596 ἓ·
2388 2607 2389 2612 ,

524 2641 808 2710 potestatis
853 2641 1173 2705 deferentes,
1220 2642 1541 2694 sententiam
1592 2642 1703 2694 sub.
1732 2642 2153 2699 dissimulatione
2201 2666 2286 2700 re·

524 2725 827 2793 liquerunt,
892 2735 947 2777 et
1007 2726 1253 2795 partibus
1315 2735 1379 2778 ut
1440 2736 1823 2796 componerent
1890 2741 2282 2800 praeceperunt.
2324 2711 2338 2768 'ss
2382 2722 2388 2762 ·ῗ

530 2809 718 2861 Abbas
745 2811 833 2861 cui
863 2810 987 2879 plus
1014 2819 1128 2863 erat
1153 2811 1417 2863 desiderio
1437 2812 1582 2880 pacis
1608 2812 1811 2864 bonum
1837 2831 1996 2881 quam
2026 2815 2091 2867 lis
2121 2825 2285 2887 atque
2331 2830 2335 2867 J

530 2894 825 2957 contentio,
869 2913 940 2945 ex
975 2895 1270 2947 multarum
1313 2895 1738 2948 consideratione
1770 2897 2287 2957 circumstantiarum
2378 2886 2393 2932 7*

531 2978 768 3030 decrevit
793 2979 1235 3048 compositionem
1271 2999 1382 3032 non
1415 2998 1686 3050 respuere,
1727 2982 1897 3034 sciens
1936 3002 1991 3034 se
2009 2986 2124 3054 J'am
2150 2988 2285 3042 nihil
2380 2986 2383 2987 ⁷

533 3083 721 3116 eorum
762 3083 886 3133 quae
925 3066 1232 3134 possederat
1269 3066 1608 3131 amissurum,
1647 3067 1812 3119 immo
1852 3070 2020 3138 magis
2056 3074 2288 3129 confisus
2336 3054 2343 3114 ’ἓ
2380 3104 2381 3107 ,

534 3168 588 3202 se
629 3150 859 3219 amplius
896 3151 1235 3219 adepturum.
1313 3151 1564 3203 Formata
1600 3159 1688 3218 est·
1718 3152 1844 3216 illic,
1880 3153 2005 3206 viris
2045 3155 2288 3212 discretis
2326 3143 2337 3178 ἱ

531 3234 659 3286 huic
700 3234 825 3286 inde
860 3235 1362 3300 intervenientibuS,
1395 3236 1705 3305 hujusmodi
1738 3239 2069 3307 compositiO,
2097 3250 2162 3294 ut
2189 3245 2290 3296 sci·
2321 3268 2326 3296 ,·
2379 3268 2383 3284 ⁵

533 3319 664 3370 licet
693 3319 913 3371 decimis
947 3320 1012 3371 de
1040 3319 1345 3372 Bekewelle
1382 3329 1437 3371 et
1471 3320 1890 3390 Beawerdregge
1933 3331 1988 3375 et
2023 3324 2291 3382 Holeford
2323 3310 2340 3366 5³
2380 3347 2381 3350 ’

534 3403 602 3454 ad
634 3402 985 3455 sacristariam
1018 3403 1329 3455 monasterii
1361 3405 1425 3456 de
1458 3404 1613 3456 Bello
1639 3406 1706 3458 ab
1733 3406 1957 3475 antiquo
1991 3409 2288 3479 assignatis,
2331 3401 2340 3474 *j
2374 3441 2378 3474 .;

534 3486 592 3538 in
637 3486 822 3539 eadem
860 3488 1216 3557 assignatione
1265 3490 1722 3558 permanentibUS,
1766 3491 1830 3542 de
1871 3501 2067 3546 caetero
2110 3495 2293 3551 Gode-
2375 3486 2378 3515 ³

537 3571 707 3623 fridus
746 3571 811 3623 de
851 3573 986 3625 Luci
1039 3582 1207 3625 totam
1257 3574 1534 3626 ecclesiam
1585 3576 1650 3627 de
1679 3575 1775 3627 Wi
1818 3578 2032 3631 nomine
2081 3581 2292 3636 vicariae
2371 3583 2372 3586 '
