<?xml version="1.0" encoding="UTF-8"?>
<!DOCTYPE html PUBLIC "-//W3C//DTD XHTML 1.0 Transitional//EN"
    "http://www.w3.org/TR/xhtml1/DTD/xhtml1-transitional.dtd">
<html xmlns="http://www.w3.org/1999/xhtml" xml:lang="en" lang="en">
 <head>
  <title>
</title>
<meta http-equiv="Content-Type" content="text/html;charset=utf-8" />
  <meta name='ocr-system' content='tesseract 3.04.00' />
  <meta name='ocr-capabilities' content='ocr_page ocr_carea ocr_par ocr_line ocrx_word'/>
</head>
<body>
  <div class='ocr_page' id='page_1' title='image "./chroniconmonaste00battuoft_0183.png"; bbox 0 0 2398 4152; ppageno 0'>
   <div class='ocr_carea' id='block_1_1' title="bbox 670 462 1878 518">
    <p class='ocr_par' dir='ltr' id='par_1_1' title="bbox 670 462 1878 518">
     <span class='ocr_line' id='line_1_1' title="bbox 670 462 1878 518; baseline -0.005 0"><span class='ocrx_word' id='word_1_1' title='bbox 670 476 1035 518; x_wconf 78' lang='lat' dir='ltr'>MONASTERH</span> <span class='ocrx_word' id='word_1_2' title='bbox 1079 478 1157 517; x_wconf 85' lang='lat' dir='ltr'>DE</span> <span class='ocrx_word' id='word_1_3' title='bbox 1195 476 1402 518; x_wconf 86' lang='lat' dir='ltr'><strong>BELLO.</strong></span> <span class='ocrx_word' id='word_1_4' title='bbox 1780 462 1878 513; x_wconf 78' lang='lat'>141</span> 
     </span>
    </p>
   </div>
   <div class='ocr_carea' id='block_1_2' title="bbox 0 0 448 591">
    <p class='ocr_par' dir='ltr' id='par_1_2' title="bbox 0 0 448 591">
     <span class='ocr_line' id='line_1_2' title="bbox 0 0 448 591; baseline 0 3561"><span class='ocrx_word' id='word_1_5' title='bbox 0 0 448 591; x_wconf 95' lang='lat' dir='ltr'> </span> 
     </span>
    </p>
   </div>
   <div class='ocr_carea' id='block_1_3' title="bbox 163 596 2148 2754">
    <p class='ocr_par' dir='ltr' id='par_1_3' title="bbox 163 596 1906 2319">
     <span class='ocr_line' id='line_1_3' title="bbox 166 596 1893 666; baseline -0.003 -14"><span class='ocrx_word' id='word_1_6' title='bbox 166 602 308 664; x_wconf 92' lang='lat' dir='ltr'>sisse,</span> <span class='ocrx_word' id='word_1_7' title='bbox 352 607 446 652; x_wconf 90' lang='lat' dir='ltr'>aut</span> <span class='ocrx_word' id='word_1_8' title='bbox 488 617 611 650; x_wconf 91' lang='lat' dir='ltr'>eum</span> <span class='ocrx_word' id='word_1_9' title='bbox 660 597 846 666; x_wconf 88' lang='lat' dir='ltr'>quovis</span> <span class='ocrx_word' id='word_1_10' title='bbox 885 597 989 649; x_wconf 90' lang='lat' dir='ltr'>alio</span> <span class='ocrx_word' id='word_1_11' title='bbox 1023 598 1178 649; x_wconf 90' lang='lat' dir='ltr'>modo</span> <span class='ocrx_word' id='word_1_12' title='bbox 1218 597 1379 648; x_wconf 88' lang='lat' dir='ltr'>tacita</span> <span class='ocrx_word' id='word_1_13' title='bbox 1415 597 1636 648; x_wconf 90' lang='lat' dir='ltr'>veritate</span> <span class='ocrx_word' id='word_1_14' title='bbox 1671 596 1893 647; x_wconf 89' lang='lat' dir='ltr'>circum-</span> 
     </span>
     <span class='ocr_line' id='line_1_4' title="bbox 165 679 1894 749; baseline -0.003 -14"><span class='ocrx_word' id='word_1_15' title='bbox 165 684 386 735; x_wconf 77' lang='lat' dir='ltr'><strong>venisse.</strong></span> <span class='ocrx_word' id='word_1_16' title='bbox 462 682 722 734; x_wconf 90' lang='lat' dir='ltr'>Annuens</span> <span class='ocrx_word' id='word_1_17' title='bbox 762 699 990 748; x_wconf 89' lang='lat' dir='ltr'>namque</span> <span class='ocrx_word' id='word_1_18' title='bbox 1030 699 1128 731; x_wconf 85' lang='lat' dir='ltr'>rex</span> <span class='ocrx_word' id='word_1_19' title='bbox 1166 680 1477 749; x_wconf 87' lang='lat' dir='ltr'><strong>postulanti,</strong></span> <span class='ocrx_word' id='word_1_20' title='bbox 1523 689 1687 731; x_wconf 89' lang='lat' dir='ltr'>totam</span> <span class='ocrx_word' id='word_1_21' title='bbox 1728 679 1894 731; x_wconf 91' lang='lat' dir='ltr'>eccle-</span> 
     </span>
     <span class='ocr_line' id='line_1_5' title="bbox 165 763 1895 825; baseline -0.003 -6"><span class='ocrx_word' id='word_1_22' title='bbox 165 769 292 819; x_wconf 88' lang='lat' dir='ltr'><strong>siam</strong></span> <span class='ocrx_word' id='word_1_23' title='bbox 319 767 382 818; x_wconf 93' lang='lat' dir='ltr'>de</span> <span class='ocrx_word' id='word_1_24' title='bbox 407 766 503 817; x_wconf 86' lang='lat' dir='ltr'>Wi</span> <span class='ocrx_word' id='word_1_25' title='bbox 528 784 635 816; x_wconf 94' lang='lat' dir='ltr'>non</span> <span class='ocrx_word' id='word_1_26' title='bbox 661 765 831 816; x_wconf 92' lang='lat' dir='ltr'>solum</span> <span class='ocrx_word' id='word_1_27' title='bbox 872 764 974 815; x_wconf 89' lang='lat' dir='ltr'>sibi</span> <span class='ocrx_word' id='word_1_28' title='bbox 1007 764 1279 825; x_wconf 86' lang='lat' dir='ltr'>concessit,</span> <span class='ocrx_word' id='word_1_29' title='bbox 1320 763 1664 814; x_wconf 84' lang='lat' dir='ltr'>verumetiam</span> <span class='ocrx_word' id='word_1_30' title='bbox 1708 764 1895 814; x_wconf 89' lang='lat' dir='ltr'>confir·</span> 
     </span>
     <span class='ocr_line' id='line_1_6' title="bbox 163 845 1894 912; baseline -0.004 -10"><span class='ocrx_word' id='word_1_31' title='bbox 163 850 342 912; x_wconf 89' lang='lat' dir='ltr'>mavit,</span> <span class='ocrx_word' id='word_1_32' title='bbox 380 866 584 899; x_wconf 87' lang='lat' dir='ltr'>necnon</span> <span class='ocrx_word' id='word_1_33' title='bbox 624 849 736 899; x_wconf 88' lang='lat' dir='ltr'>viro</span> <span class='ocrx_word' id='word_1_34' title='bbox 779 846 1068 898; x_wconf 88' lang='lat' dir='ltr'>venerabili</span> <span class='ocrx_word' id='word_1_35' title='bbox 1100 846 1331 898; x_wconf 88' lang='lat' dir='ltr'>Ricardo</span> <span class='ocrx_word' id='word_1_36' title='bbox 1371 855 1498 897; x_wconf 92' lang='lat' dir='ltr'>tunc</span> <span class='ocrx_word' id='word_1_37' title='bbox 1527 845 1894 897; x_wconf 85' lang='lat' dir='ltr'>Cantuariensi</span> 
     </span>
     <span class='ocr_line' id='line_1_7' title="bbox 165 930 1895 1001; baseline -0.003 -17"><span class='ocrx_word' id='word_1_38' title='bbox 165 934 333 984; x_wconf 90' lang='lat' dir='ltr'>electo</span> <span class='ocrx_word' id='word_1_39' title='bbox 377 941 440 983; x_wconf 90' lang='lat' dir='ltr'>ut</span> <span class='ocrx_word' id='word_1_40' title='bbox 477 951 573 1001; x_wconf 91' lang='lat' dir='ltr'>per</span> <span class='ocrx_word' id='word_1_41' title='bbox 618 945 739 982; x_wconf 89' lang='lat' dir='ltr'>eum</span> <span class='ocrx_word' id='word_1_42' title='bbox 780 931 1148 981; x_wconf 85' lang='lat' dir='ltr'>institueretur</span> <span class='ocrx_word' id='word_1_43' title='bbox 1171 930 1374 981; x_wconf 86' lang='lat' dir='ltr'>litteras</span> <span class='ocrx_word' id='word_1_44' title='bbox 1414 930 1651 982; x_wconf 85' lang='lat' dir='ltr'>direxit.¹</span> <span class='ocrx_word' id='word_1_45' title='bbox 1743 930 1895 980; x_wconf 88' lang='lat' dir='ltr'>Idem</span> 
     </span>
     <span class='ocr_line' id='line_1_8' title="bbox 165 1013 1895 1080; baseline -0.003 -12"><span class='ocrx_word' id='word_1_46' title='bbox 165 1035 287 1068; x_wconf 90' lang='lat' dir='ltr'>vero</span> <span class='ocrx_word' id='word_1_47' title='bbox 332 1016 530 1067; x_wconf 91' lang='lat' dir='ltr'>electus</span> <span class='ocrx_word' id='word_1_48' title='bbox 568 1015 695 1065; x_wconf 90' lang='lat' dir='ltr'>licet</span> <span class='ocrx_word' id='word_1_49' title='bbox 736 1014 953 1064; x_wconf 90' lang='lat' dir='ltr'>minoris</span> <span class='ocrx_word' id='word_1_50' title='bbox 978 1013 1146 1063; x_wconf 89' lang='lat' dir='ltr'>adhuc</span> <span class='ocrx_word' id='word_1_51' title='bbox 1174 1020 1312 1063; x_wconf 89' lang='lat' dir='ltr'>esset</span> <span class='ocrx_word' id='word_1_52' title='bbox 1339 1013 1610 1080; x_wconf 87' lang='lat' dir='ltr'>dignitatis</span> <span class='ocrx_word' id='word_1_53' title='bbox 1636 1031 1694 1063; x_wconf 90' lang='lat' dir='ltr'>ac</span> <span class='ocrx_word' id='word_1_54' title='bbox 1718 1021 1895 1080; x_wconf 92' lang='lat' dir='ltr'>potes-</span> 
     </span>
     <span class='ocr_line' id='line_1_9' title="bbox 163 1095 1894 1163; baseline -0.004 -12"><span class='ocrx_word' id='word_1_55' title='bbox 163 1100 305 1163; x_wconf 88' lang='lat' dir='ltr'>tatis,</span> <span class='ocrx_word' id='word_1_56' title='bbox 352 1098 608 1149; x_wconf 85' lang='lat' dir='ltr'>electione</span> <span class='ocrx_word' id='word_1_57' title='bbox 648 1115 743 1148; x_wconf 93' lang='lat' dir='ltr'>sua</span> <span class='ocrx_word' id='word_1_58' title='bbox 783 1097 1020 1147; x_wconf 90' lang='lat' dir='ltr'>nondum</span> <span class='ocrx_word' id='word_1_59' title='bbox 1064 1114 1158 1163; x_wconf 92' lang='lat' dir='ltr'>per</span> <span class='ocrx_word' id='word_1_60' title='bbox 1185 1095 1459 1145; x_wconf 91' lang='lat' dir='ltr'>dominum</span> <span class='ocrx_word' id='word_1_61' title='bbox 1484 1114 1675 1163; x_wconf 87' lang='lat' dir='ltr'>papam</span> <span class='ocrx_word' id='word_1_62' title='bbox 1706 1096 1894 1145; x_wconf 91' lang='lat' dir='ltr'>confir-</span> 
     </span>
     <span class='ocr_line' id='line_1_10' title="bbox 164 1178 1892 1249; baseline -0.003 -15"><span class='ocrx_word' id='word_1_63' title='bbox 164 1190 320 1245; x_wconf 89' lang='lat' dir='ltr'>mata,</span> <span class='ocrx_word' id='word_1_64' title='bbox 361 1180 618 1249; x_wconf 90' lang='lat' dir='ltr'>quantula</span> <span class='ocrx_word' id='word_1_65' title='bbox 651 1187 828 1231; x_wconf 89' lang='lat' dir='ltr'>tamen</span> <span class='ocrx_word' id='word_1_66' title='bbox 869 1178 1049 1247; x_wconf 90' lang='lat' dir='ltr'>potuit</span> <span class='ocrx_word' id='word_1_67' title='bbox 1083 1178 1237 1228; x_wconf 91' lang='lat' dir='ltr'>illum</span> <span class='ocrx_word' id='word_1_68' title='bbox 1281 1179 1595 1229; x_wconf 81' lang='lat' dir='ltr'>auctoritate</span> <span class='ocrx_word' id='word_1_69' title='bbox 1639 1179 1892 1240; x_wconf 87' lang='lat' dir='ltr'>instituit,</span> 
     </span>
     <span class='ocr_line' id='line_1_11' title="bbox 164 1261 1895 1335; baseline -0.002 -19"><span class='ocrx_word' id='word_1_70' title='bbox 164 1265 309 1335; x_wconf 89' lang='lat' dir='ltr'>quali</span> <span class='ocrx_word' id='word_1_71' title='bbox 334 1265 493 1315; x_wconf 87' lang='lat' dir='ltr'>etiam</span> <span class='ocrx_word' id='word_1_72' title='bbox 523 1271 666 1314; x_wconf 91' lang='lat' dir='ltr'>carta</span> <span class='ocrx_word' id='word_1_73' title='bbox 690 1262 871 1331; x_wconf 91' lang='lat' dir='ltr'>potuit</span> <span class='ocrx_word' id='word_1_74' title='bbox 895 1261 1288 1312; x_wconf 91' lang='lat' dir='ltr'>institutionem</span> <span class='ocrx_word' id='word_1_75' title='bbox 1316 1261 1661 1313; x_wconf 88' lang='lat' dir='ltr'>confirmavit.</span> <span class='ocrx_word' id='word_1_76' title='bbox 1739 1261 1895 1312; x_wconf 92' lang='lat' dir='ltr'>Post-</span> 
     </span>
     <span class='ocr_line' id='line_1_12' title="bbox 166 1345 1897 1413; baseline -0.003 -12"><span class='ocrx_word' id='word_1_77' title='bbox 166 1349 381 1400; x_wconf 84' lang='lat' dir='ltr'>modum</span> <span class='ocrx_word' id='word_1_78' title='bbox 419 1365 540 1398; x_wconf 91' lang='lat' dir='ltr'>cum</span> <span class='ocrx_word' id='word_1_79' title='bbox 584 1346 761 1397; x_wconf 92' lang='lat' dir='ltr'>sedem</span> <span class='ocrx_word' id='word_1_80' title='bbox 800 1345 1141 1413; x_wconf 88' lang='lat' dir='ltr'>apostolicam</span> <span class='ocrx_word' id='word_1_81' title='bbox 1181 1345 1460 1396; x_wconf 92' lang='lat' dir='ltr'>sacrandus</span> <span class='ocrx_word' id='word_1_82' title='bbox 1494 1345 1705 1407; x_wconf 90' lang='lat' dir='ltr'>adisset,</span> <span class='ocrx_word' id='word_1_83' title='bbox 1734 1364 1897 1413; x_wconf 88' lang='lat' dir='ltr'>expe-</span> 
     </span>
     <span class='ocr_line' id='line_1_13' title="bbox 169 1428 1898 1498; baseline -0.004 -13"><span class='ocrx_word' id='word_1_84' title='bbox 169 1433 292 1485; x_wconf 91' lang='lat' dir='ltr'>ditis</span> <span class='ocrx_word' id='word_1_85' title='bbox 319 1431 564 1483; x_wconf 89' lang='lat' dir='ltr'>omnibus</span> <span class='ocrx_word' id='word_1_86' title='bbox 601 1449 698 1498; x_wconf 92' lang='lat' dir='ltr'>pro</span> <span class='ocrx_word' id='word_1_87' title='bbox 737 1429 931 1497; x_wconf 89' lang='lat' dir='ltr'>quibus</span> <span class='ocrx_word' id='word_1_88' title='bbox 970 1428 1121 1491; x_wconf 87' lang='lat' dir='ltr'>ierat,</span> <span class='ocrx_word' id='word_1_89' title='bbox 1164 1429 1338 1479; x_wconf 94' lang='lat' dir='ltr'>denuo</span> <span class='ocrx_word' id='word_1_90' title='bbox 1376 1429 1433 1479; x_wconf 92' lang='lat' dir='ltr'>in</span> <span class='ocrx_word' id='word_1_91' title='bbox 1459 1428 1710 1496; x_wconf 85' lang='lat' dir='ltr'>Angliam</span> <span class='ocrx_word' id='word_1_92' title='bbox 1733 1429 1898 1479; x_wconf 90' lang='lat' dir='ltr'>redis-</span> 
     </span>
     <span class='ocr_line' id='line_1_14' title="bbox 169 1512 1895 1581; baseline -0.004 -12"><span class='ocrx_word' id='word_1_93' title='bbox 169 1526 264 1580; x_wconf 90' lang='lat' dir='ltr'>set,</span> <span class='ocrx_word' id='word_1_94' title='bbox 305 1516 474 1567; x_wconf 91' lang='lat' dir='ltr'>eidem</span> <span class='ocrx_word' id='word_1_95' title='bbox 513 1513 810 1566; x_wconf 85' lang='lat' dir='ltr'>Godefrido</span> <span class='ocrx_word' id='word_1_96' title='bbox 853 1513 919 1564; x_wconf 93' lang='lat' dir='ltr'>ad</span> <span class='ocrx_word' id='word_1_97' title='bbox 945 1531 999 1562; x_wconf 93' lang='lat' dir='ltr'>se</span> <span class='ocrx_word' id='word_1_98' title='bbox 1032 1512 1269 1563; x_wconf 91' lang='lat' dir='ltr'>venienti</span> <span class='ocrx_word' id='word_1_99' title='bbox 1304 1513 1414 1580; x_wconf 88' lang='lat' dir='ltr'>jam</span> <span class='ocrx_word' id='word_1_100' title='bbox 1455 1512 1895 1581; x_wconf 89' lang='lat' dir='ltr'>archiepiscopus,</span> 
     </span>
     <span class='ocr_line' id='line_1_15' title="bbox 163 1595 1896 1670; baseline -0.003 -19"><span class='ocrx_word' id='word_1_101' title='bbox 163 1602 273 1670; x_wconf 89' lang='lat' dir='ltr'>jam</span> <span class='ocrx_word' id='word_1_102' title='bbox 316 1599 482 1650; x_wconf 86' lang='lat' dir='ltr'>totius</span> <span class='ocrx_word' id='word_1_103' title='bbox 509 1597 725 1665; x_wconf 85' lang='lat' dir='ltr'>Angliae</span> <span class='ocrx_word' id='word_1_104' title='bbox 764 1596 977 1665; x_wconf 82' lang='lat' dir='ltr'>primaS,</span> <span class='ocrx_word' id='word_1_105' title='bbox 1010 1596 1121 1664; x_wconf 88' lang='lat' dir='ltr'>jam</span> <span class='ocrx_word' id='word_1_106' title='bbox 1163 1595 1464 1663; x_wconf 83' lang='lat' dir='ltr'>apostolicae</span> <span class='ocrx_word' id='word_1_107' title='bbox 1501 1596 1637 1646; x_wconf 90' lang='lat' dir='ltr'>sedis</span> <span class='ocrx_word' id='word_1_108' title='bbox 1671 1596 1896 1662; x_wconf 85' lang='lat' dir='ltr'>legatus,</span> 
     </span>
     <span class='ocr_line' id='line_1_16' title="bbox 171 1679 1900 1750; baseline -0.003 -15"><span class='ocrx_word' id='word_1_109' title='bbox 171 1683 345 1736; x_wconf 90' lang='lat' dir='ltr'>omnia</span> <span class='ocrx_word' id='word_1_110' title='bbox 369 1690 431 1733; x_wconf 87' lang='lat' dir='ltr'>ut</span> <span class='ocrx_word' id='word_1_111' title='bbox 454 1681 657 1750; x_wconf 89' lang='lat' dir='ltr'>pridem</span> <span class='ocrx_word' id='word_1_112' title='bbox 683 1680 954 1742; x_wconf 90' lang='lat' dir='ltr'>concessit,</span> <span class='ocrx_word' id='word_1_113' title='bbox 982 1688 1037 1730; x_wconf 91' lang='lat' dir='ltr'>et</span> <span class='ocrx_word' id='word_1_114' title='bbox 1061 1679 1348 1748; x_wconf 89' lang='lat' dir='ltr'>episcopali</span> <span class='ocrx_word' id='word_1_115' title='bbox 1373 1679 1687 1731; x_wconf 89' lang='lat' dir='ltr'>auctoritate</span> <span class='ocrx_word' id='word_1_116' title='bbox 1714 1680 1900 1730; x_wconf 88' lang='lat' dir='ltr'>confir-</span> 
     </span>
     <span class='ocr_line' id='line_1_17' title="bbox 170 1762 1898 1826; baseline -0.003 -8"><span class='ocrx_word' id='word_1_117' title='bbox 170 1766 347 1819; x_wconf 88' lang='lat' dir='ltr'>mavit.</span> <span class='ocrx_word' id='word_1_118' title='bbox 447 1764 664 1815; x_wconf 89' lang='lat' dir='ltr'>Dicitur</span> <span class='ocrx_word' id='word_1_119' title='bbox 712 1772 888 1815; x_wconf 87' lang='lat' dir='ltr'>tamen</span> <span class='ocrx_word' id='word_1_120' title='bbox 938 1782 1059 1814; x_wconf 90' lang='lat' dir='ltr'>eum</span> <span class='ocrx_word' id='word_1_121' title='bbox 1111 1762 1539 1813; x_wconf 86' lang='lat' dir='ltr'>conditionaliter</span> <span class='ocrx_word' id='word_1_122' title='bbox 1587 1763 1898 1826; x_wconf 86' lang='lat' dir='ltr'>instituisse,</span> 
     </span>
     <span class='ocr_line' id='line_1_18' title="bbox 171 1846 1901 1915; baseline -0.002 -13"><span class='ocrx_word' id='word_1_123' title='bbox 171 1851 310 1903; x_wconf 88' lang='lat' dir='ltr'>salvo</span> <span class='ocrx_word' id='word_1_124' title='bbox 361 1848 562 1899; x_wconf 91' lang='lat' dir='ltr'>scilicet</span> <span class='ocrx_word' id='word_1_125' title='bbox 606 1847 843 1898; x_wconf 91' lang='lat' dir='ltr'>omnium</span> <span class='ocrx_word' id='word_1_126' title='bbox 881 1847 1156 1897; x_wconf 91' lang='lat' dir='ltr'>hominum</span> <span class='ocrx_word' id='word_1_127' title='bbox 1194 1848 1334 1915; x_wconf 88' lang='lat' dir='ltr'>jure.</span> <span class='ocrx_word' id='word_1_128' title='bbox 1410 1846 1544 1897; x_wconf 88' lang='lat' dir='ltr'>Erat</span> <span class='ocrx_word' id='word_1_129' title='bbox 1578 1847 1760 1913; x_wconf 88' lang='lat' dir='ltr'>itaque</span> <span class='ocrx_word' id='word_1_130' title='bbox 1788 1854 1901 1898; x_wconf 79' lang='lat' dir='ltr'>toto</span> 
     </span>
     <span class='ocr_line' id='line_1_19' title="bbox 169 1931 1903 2002; baseline -0.002 -16"><span class='ocrx_word' id='word_1_131' title='bbox 169 1943 403 2002; x_wconf 89' lang='lat' dir='ltr'>tempore</span> <span class='ocrx_word' id='word_1_132' title='bbox 431 1950 538 2001; x_wconf 91' lang='lat' dir='ltr'>quo</span> <span class='ocrx_word' id='word_1_133' title='bbox 563 1932 783 1983; x_wconf 87' lang='lat' dir='ltr'>vacabat</span> <span class='ocrx_word' id='word_1_134' title='bbox 809 1931 1028 1981; x_wconf 90' lang='lat' dir='ltr'>ecclesia</span> <span class='ocrx_word' id='word_1_135' title='bbox 1052 1931 1191 1981; x_wconf 90' lang='lat' dir='ltr'>inter</span> <span class='ocrx_word' id='word_1_136' title='bbox 1216 1931 1406 1980; x_wconf 89' lang='lat' dir='ltr'>fratres</span> <span class='ocrx_word' id='word_1_137' title='bbox 1441 1939 1495 1981; x_wconf 88' lang='lat' dir='ltr'>et</span> <span class='ocrx_word' id='word_1_138' title='bbox 1520 1931 1696 1999; x_wconf 90' lang='lat' dir='ltr'>ipsum</span> <span class='ocrx_word' id='word_1_139' title='bbox 1724 1931 1903 1982; x_wconf 87' lang='lat' dir='ltr'>Gode-</span> 
     </span>
     <span class='ocr_line' id='line_1_20' title="bbox 169 2013 1903 2084; baseline -0.003 -14"><span class='ocrx_word' id='word_1_140' title='bbox 169 2018 367 2070; x_wconf 90' lang='lat' dir='ltr'>fridum</span> <span class='ocrx_word' id='word_1_141' title='bbox 410 2016 641 2084; x_wconf 91' lang='lat' dir='ltr'>plurima</span> <span class='ocrx_word' id='word_1_142' title='bbox 690 2015 961 2076; x_wconf 89' lang='lat' dir='ltr'>dissensio,</span> <span class='ocrx_word' id='word_1_143' title='bbox 1021 2014 1147 2064; x_wconf 92' lang='lat' dir='ltr'>dum</span> <span class='ocrx_word' id='word_1_144' title='bbox 1194 2013 1307 2082; x_wconf 92' lang='lat' dir='ltr'>ipse</span> <span class='ocrx_word' id='word_1_145' title='bbox 1359 2013 1687 2064; x_wconf 84' lang='lat' dir='ltr'>Godefridus</span> <span class='ocrx_word' id='word_1_146' title='bbox 1736 2022 1903 2065; x_wconf 90' lang='lat' dir='ltr'>totam</span> 
     </span>
     <span class='ocr_line' id='line_1_21' title="bbox 169 2097 1905 2166; baseline -0.003 -13"><span class='ocrx_word' id='word_1_147' title='bbox 169 2101 440 2154; x_wconf 89' lang='lat' dir='ltr'>ecclesiam</span> <span class='ocrx_word' id='word_1_148' title='bbox 481 2099 582 2150; x_wconf 90' lang='lat' dir='ltr'>sibi</span> <span class='ocrx_word' id='word_1_149' title='bbox 620 2099 883 2149; x_wconf 87' lang='lat' dir='ltr'>niteretur</span> <span class='ocrx_word' id='word_1_150' title='bbox 921 2097 978 2148; x_wconf 90' lang='lat' dir='ltr'>in</span> <span class='ocrx_word' id='word_1_151' title='bbox 1012 2097 1397 2166; x_wconf 90' lang='lat' dir='ltr'>possessionem</span> <span class='ocrx_word' id='word_1_152' title='bbox 1423 2097 1679 2165; x_wconf 84' lang='lat' dir='ltr'>redigere,</span> <span class='ocrx_word' id='word_1_153' title='bbox 1716 2098 1905 2148; x_wconf 87' lang='lat' dir='ltr'>fratres</span> 
     </span>
     <span class='ocr_line' id='line_1_22' title="bbox 172 2181 1906 2252; baseline -0.002 -16"><span class='ocrx_word' id='word_1_154' title='bbox 172 2184 335 2236; x_wconf 89' lang='lat' dir='ltr'>solam</span> <span class='ocrx_word' id='word_1_155' title='bbox 376 2182 543 2252; x_wconf 90' lang='lat' dir='ltr'>ipsius</span> <span class='ocrx_word' id='word_1_156' title='bbox 575 2182 919 2232; x_wconf 54' lang='lat' dir='ltr'>&gt;medietatem</span> <span class='ocrx_word' id='word_1_157' title='bbox 960 2181 1009 2231; x_wconf 92' lang='lat' dir='ltr'>ei</span> <span class='ocrx_word' id='word_1_158' title='bbox 1034 2199 1141 2231; x_wconf 90' lang='lat' dir='ltr'>non</span> <span class='ocrx_word' id='word_1_159' title='bbox 1183 2198 1477 2232; x_wconf 89' lang='lat' dir='ltr'>concessam</span> <span class='ocrx_word' id='word_1_160' title='bbox 1516 2181 1616 2232; x_wconf 91' lang='lat' dir='ltr'>sibi</span> <span class='ocrx_word' id='word_1_161' title='bbox 1646 2181 1775 2250; x_wconf 89' lang='lat' dir='ltr'>ipsis</span> <span class='ocrx_word' id='word_1_162' title='bbox 1819 2200 1906 2232; x_wconf 92' lang='lat' dir='ltr'>co-</span> 
     </span>
     <span class='ocr_line' id='line_1_23' title="bbox 174 2264 722 2319; baseline -0.004 0"><span class='ocrx_word' id='word_1_163' title='bbox 174 2274 426 2319; x_wconf 86' lang='lat' dir='ltr'>narentur</span> <span class='ocrx_word' id='word_1_164' title='bbox 450 2264 722 2317; x_wconf 78' lang='lat' dir='ltr'>retinere.2</span> 
     </span>
    </p>

    <p class='ocr_par' dir='ltr' id='par_1_4' title="bbox 173 2348 1911 2672">
     <span class='ocr_line' id='line_1_24' title="bbox 245 2348 1911 2418; baseline -0.002 -16"><span class='ocrx_word' id='word_1_165' title='bbox 245 2351 449 2402; x_wconf 87' lang='lat' dir='ltr'>Multas</span> <span class='ocrx_word' id='word_1_166' title='bbox 484 2367 580 2418; x_wconf 91' lang='lat' dir='ltr'>per</span> <span class='ocrx_word' id='word_1_167' title='bbox 617 2348 868 2416; x_wconf 85' lang='lat' dir='ltr'>Angliam</span> <span class='ocrx_word' id='word_1_168' title='bbox 906 2348 1166 2411; x_wconf 89' lang='lat' dir='ltr'>ecclesias,</span> <span class='ocrx_word' id='word_1_169' title='bbox 1205 2349 1479 2416; x_wconf 90' lang='lat' dir='ltr'>multaque</span> <span class='ocrx_word' id='word_1_170' title='bbox 1518 2349 1615 2399; x_wconf 90' lang='lat' dir='ltr'>sub</span> <span class='ocrx_word' id='word_1_171' title='bbox 1653 2348 1752 2399; x_wconf 90' lang='lat' dir='ltr'>hoc</span> <span class='ocrx_word' id='word_1_172' title='bbox 1779 2356 1911 2399; x_wconf 90' lang='lat' dir='ltr'>tem-</span> 
     </span>
     <span class='ocr_line' id='line_1_25' title="bbox 174 2432 1911 2504; baseline -0.001 -18"><span class='ocrx_word' id='word_1_173' title='bbox 174 2454 300 2504; x_wconf 88' lang='lat' dir='ltr'>pore</span> <span class='ocrx_word' id='word_1_174' title='bbox 351 2433 575 2500; x_wconf 83' lang='lat' dir='ltr'>contigit</span> <span class='ocrx_word' id='word_1_175' title='bbox 619 2451 800 2484; x_wconf 89' lang='lat' dir='ltr'>vacare</span> <span class='ocrx_word' id='word_1_176' title='bbox 839 2433 1171 2484; x_wconf 89' lang='lat' dir='ltr'>monasteria.</span> <span class='ocrx_word' id='word_1_177' title='bbox 1246 2432 1485 2484; x_wconf 88' lang='lat' dir='ltr'>Vacandi</span> <span class='ocrx_word' id='word_1_178' title='bbox 1529 2451 1736 2483; x_wconf 91' lang='lat' dir='ltr'>causam</span> <span class='ocrx_word' id='word_1_179' title='bbox 1784 2432 1911 2484; x_wconf 91' lang='lat' dir='ltr'>licet</span> 
     </span>
     <span class='ocr_line' id='line_1_26' title="bbox 174 2516 1910 2587; baseline -0.002 -17"><span class='ocrx_word' id='word_1_180' title='bbox 174 2517 564 2587; x_wconf 89' lang='lat' dir='ltr'>aliquantulum</span> <span class='ocrx_word' id='word_1_181' title='bbox 599 2517 842 2567; x_wconf 89' lang='lat' dir='ltr'>videatur</span> <span class='ocrx_word' id='word_1_182' title='bbox 877 2517 942 2566; x_wconf 91' lang='lat' dir='ltr'>ab</span> <span class='ocrx_word' id='word_1_183' title='bbox 967 2535 1042 2579; x_wconf 90' lang='lat' dir='ltr'>re,</span> <span class='ocrx_word' id='word_1_184' title='bbox 1081 2516 1358 2584; x_wconf 84' lang='lat' dir='ltr'>indignum</span> <span class='ocrx_word' id='word_1_185' title='bbox 1396 2524 1571 2567; x_wconf 89' lang='lat' dir='ltr'>tamen</span> <span class='ocrx_word' id='word_1_186' title='bbox 1606 2517 1910 2584; x_wconf 88' lang='lat' dir='ltr'>putavimus</span> 
     </span>
     <span class='ocr_line' id='line_1_27' title="bbox 173 2599 1065 2672; baseline -0.003 -19"><span class='ocrx_word' id='word_1_187' title='bbox 173 2602 385 2672; x_wconf 89' lang='lat' dir='ltr'>penitus</span> <span class='ocrx_word' id='word_1_188' title='bbox 412 2600 614 2651; x_wconf 88' lang='lat' dir='ltr'>silendo</span> <span class='ocrx_word' id='word_1_189' title='bbox 638 2599 1065 2668; x_wconf 80' lang='lat' dir='ltr'>praetermittere.</span> 
     </span>
    </p>

    <p class='ocr_par' dir='ltr' id='par_1_5' title="bbox 244 2682 2148 2754">
     <span class='ocr_line' id='line_1_28' title="bbox 244 2682 2148 2754; baseline -0.003 -18"><span class='ocrx_word' id='word_1_190' title='bbox 244 2684 510 2754; x_wconf 91' lang='lat' dir='ltr'>Apposito</span> <span class='ocrx_word' id='word_1_191' title='bbox 548 2683 615 2734; x_wconf 94' lang='lat' dir='ltr'>ad</span> <span class='ocrx_word' id='word_1_192' title='bbox 653 2691 829 2751; x_wconf 88' lang='lat' dir='ltr'>patres</span> <span class='ocrx_word' id='word_1_193' title='bbox 867 2700 988 2732; x_wconf 93' lang='lat' dir='ltr'>suos</span> <span class='ocrx_word' id='word_1_194' title='bbox 1024 2682 1079 2732; x_wconf 91' lang='lat' dir='ltr'>in</span> <span class='ocrx_word' id='word_1_195' title='bbox 1128 2690 1401 2732; x_wconf 88' lang='lat' dir='ltr'>senectute</span> <span class='ocrx_word' id='word_1_196' title='bbox 1427 2683 1568 2752; x_wconf 88' lang='lat' dir='ltr'>bona</span> <span class='ocrx_word' id='word_1_197' title='bbox 1594 2682 1904 2733; x_wconf 89' lang='lat' dir='ltr'>Theobaldo</span> <span class='ocrx_word' id='word_1_198' title='bbox 1933 2700 2027 2731; x_wconf 82' lang='lat' dir='ltr'>State</span> <span class='ocrx_word' id='word_1_199' title='bbox 2042 2698 2148 2730; x_wconf 83' lang='lat' dir='ltr'>ofthe</span> 
     </span>
    </p>
   </div>
   <div class='ocr_carea' id='block_1_4' title="bbox 1931 2739 2135 2772">
    <p class='ocr_par' dir='ltr' id='par_1_6' title="bbox 1931 2739 2135 2772">
     <span class='ocr_line' id='line_1_29' title="bbox 1931 2739 2135 2772; baseline -0.015 0"><span class='ocrx_word' id='word_1_200' title='bbox 1931 2743 2063 2772; x_wconf 83' lang='lat' dir='ltr'>contest</span> <span class='ocrx_word' id='word_1_201' title='bbox 2076 2739 2135 2770; x_wconf 88' lang='lat' dir='ltr'>be-</span> 
     </span>
    </p>
   </div>
   <div class='ocr_carea' id='block_1_5' title="bbox 175 2766 2160 2862">
    <p class='ocr_par' dir='ltr' id='par_1_7' title="bbox 175 2766 2160 2862">
     <span class='ocr_line' id='line_1_30' title="bbox 175 2766 2160 2862; baseline -0.004 -42"><span class='ocrx_word' id='word_1_202' title='bbox 175 2767 541 2820; x_wconf 89' lang='lat' dir='ltr'>Cantuariensi</span> <span class='ocrx_word' id='word_1_203' title='bbox 560 2766 992 2834; x_wconf 84' lang='lat' dir='ltr'>archiepiscopo,3</span> <span class='ocrx_word' id='word_1_204' title='bbox 1017 2766 1265 2816; x_wconf 89' lang='lat' dir='ltr'>successit</span> <span class='ocrx_word' id='word_1_205' title='bbox 1292 2766 1340 2816; x_wconf 92' lang='lat' dir='ltr'>ei</span> <span class='ocrx_word' id='word_1_206' title='bbox 1359 2785 1552 2817; x_wconf 90' lang='lat' dir='ltr'>nomen</span> <span class='ocrx_word' id='word_1_207' title='bbox 1570 2766 1908 2834; x_wconf 90' lang='lat' dir='ltr'>officiumque</span> <span class='ocrx_word' id='word_1_208' title='bbox 1931 2781 2160 2862; x_wconf 49' lang='lat' dir='ltr'>thYefissptshgnd</span> 
     </span>
     <span class='ocr_line' id='line_1_31' title="bbox 1962 2833 1990 2853; baseline 0 0"><span class='ocrx_word' id='word_1_209' title='bbox 1962 2833 1990 2853; x_wconf 83' lang='lat' dir='ltr'>ls</span> 
     </span>
    </p>
   </div>
   <div class='ocr_carea' id='block_1_6' title="bbox 174 2849 2179 2936">
    <p class='ocr_par' dir='ltr' id='par_1_8' title="bbox 174 2849 2179 2936">
     <span class='ocr_line' id='line_1_32' title="bbox 174 2849 2179 2936; baseline -0.001 -33"><span class='ocrx_word' id='word_1_210' title='bbox 174 2852 459 2921; x_wconf 91' lang='lat' dir='ltr'>suscipiens</span> <span class='ocrx_word' id='word_1_211' title='bbox 499 2849 880 2918; x_wconf 90' lang='lat' dir='ltr'>archiepiscopi</span> <span class='ocrx_word' id='word_1_212' title='bbox 933 2849 1162 2900; x_wconf 90' lang='lat' dir='ltr'>Thomas</span> <span class='ocrx_word' id='word_1_213' title='bbox 1211 2849 1606 2900; x_wconf 90' lang='lat' dir='ltr'>Cantuariensis</span> <span class='ocrx_word' id='word_1_214' title='bbox 1651 2850 1907 2901; x_wconf 89' lang='lat' dir='ltr'>archidia-</span> <span class='ocrx_word' id='word_1_215' title='bbox 1933 2862 2179 2936; x_wconf 52' lang='lat' dir='ltr'>{ffifflg&#39;m‘i‘</span> 
     </span>
    </p>
   </div>
   <div class='ocr_carea' id='block_1_7' title="bbox 174 2932 2119 3254">
    <p class='ocr_par' dir='ltr' id='par_1_9' title="bbox 174 2932 2119 3169">
     <span class='ocr_line' id='line_1_33' title="bbox 174 2932 2119 3002; baseline -0.002 -15"><span class='ocrx_word' id='word_1_216' title='bbox 174 2939 376 2997; x_wconf 79' lang='lat' dir='ltr'>conus,2</span> <span class='ocrx_word' id='word_1_217' title='bbox 415 2933 614 2985; x_wconf 92' lang='lat' dir='ltr'>domini</span> <span class='ocrx_word' id='word_1_218' title='bbox 651 2932 788 3001; x_wconf 86' lang='lat' dir='ltr'>regis</span> <span class='ocrx_word' id='word_1_219' title='bbox 828 2932 1184 2995; x_wconf 89' lang='lat' dir='ltr'>cancellarius,</span> <span class='ocrx_word' id='word_1_220' title='bbox 1243 2952 1400 3001; x_wconf 89' lang='lat' dir='ltr'>quem</span> <span class='ocrx_word' id='word_1_221' title='bbox 1460 2933 1700 3002; x_wconf 90' lang='lat' dir='ltr'>superior</span> <span class='ocrx_word' id='word_1_222' title='bbox 1738 2934 1906 2984; x_wconf 92' lang='lat' dir='ltr'>edidit</span> <span class='ocrx_word' id='word_1_223' title='bbox 1931 2957 2119 2990; x_wconf 45' lang='lat' dir='ltr'>Thomas&amp;</span> 
     </span>
     <span class='ocr_line' id='line_1_34' title="bbox 177 3000 2079 3070; baseline -0.002 0"><span class='ocrx_word' id='word_1_224' title='bbox 177 3018 404 3070; x_wconf 89' lang='lat' dir='ltr'>narratio</span> <span class='ocrx_word' id='word_1_225' title='bbox 446 3036 565 3068; x_wconf 92' lang='lat' dir='ltr'>cum</span> <span class='ocrx_word' id='word_1_226' title='bbox 607 3017 763 3067; x_wconf 87' lang='lat' dir='ltr'>bonae</span> <span class='ocrx_word' id='word_1_227' title='bbox 811 3016 1080 3067; x_wconf 90' lang='lat' dir='ltr'>memoriae</span> <span class='ocrx_word' id='word_1_228' title='bbox 1122 3017 1313 3067; x_wconf 88' lang='lat' dir='ltr'>abbate</span> <span class='ocrx_word' id='word_1_229' title='bbox 1354 3017 1616 3067; x_wconf 91' lang='lat' dir='ltr'>Walterio</span> <span class='ocrx_word' id='word_1_230' title='bbox 1660 3018 1904 3067; x_wconf 88' lang='lat' dir='ltr'>adversus</span> <span class='ocrx_word' id='word_1_231' title='bbox 1933 3000 2079 3032; x_wconf 59' lang='lat' dir='ltr'><strong>Becket‘</strong></span> 
     </span>
     <span class='ocr_line' id='line_1_35' title="bbox 184 3099 1904 3169; baseline -0.002 -16"><span class='ocrx_word' id='word_1_232' title='bbox 184 3101 564 3153; x_wconf 88' lang='lat' dir='ltr'>Cicestrensem</span> <span class='ocrx_word' id='word_1_233' title='bbox 585 3100 892 3169; x_wconf 88' lang='lat' dir='ltr'>episcopum</span> <span class='ocrx_word' id='word_1_234' title='bbox 915 3099 1200 3167; x_wconf 86' lang='lat' dir='ltr'>Hylarium</span> <span class='ocrx_word' id='word_1_235' title='bbox 1234 3100 1459 3151; x_wconf 89' lang='lat' dir='ltr'>viriliter</span> <span class='ocrx_word' id='word_1_236' title='bbox 1490 3100 1713 3162; x_wconf 91' lang='lat' dir='ltr'>stetisse,</span> <span class='ocrx_word' id='word_1_237' title='bbox 1742 3119 1904 3168; x_wconf 91' lang='lat' dir='ltr'>seque</span> 
     </span>
    </p>

    <p class='ocr_par' dir='ltr' id='par_1_10' title="bbox 179 3183 1907 3254">
     <span class='ocr_line' id='line_1_36' title="bbox 179 3183 1907 3254; baseline -0.002 -18"><span class='ocrx_word' id='word_1_238' title='bbox 179 3204 274 3254; x_wconf 93' lang='lat' dir='ltr'>pro</span> <span class='ocrx_word' id='word_1_239' title='bbox 313 3184 615 3236; x_wconf 87' lang='lat' dir='ltr'>defensione</span> <span class='ocrx_word' id='word_1_240' title='bbox 656 3183 918 3234; x_wconf 90' lang='lat' dir='ltr'>libertatis</span> <span class='ocrx_word' id='word_1_241' title='bbox 959 3183 1194 3234; x_wconf 84' lang='lat' dir='ltr'>ecclesiae</span> <span class='ocrx_word' id='word_1_242' title='bbox 1222 3184 1388 3234; x_wconf 89' lang='lat' dir='ltr'>sancti</span> <span class='ocrx_word' id='word_1_243' title='bbox 1415 3183 1638 3234; x_wconf 90' lang='lat' dir='ltr'>Martini</span> <span class='ocrx_word' id='word_1_244' title='bbox 1664 3184 1726 3233; x_wconf 93' lang='lat' dir='ltr'>de</span> <span class='ocrx_word' id='word_1_245' title='bbox 1755 3183 1907 3234; x_wconf 89' lang='lat' dir='ltr'>Bello</span> 
     </span>
    </p>
   </div>
   <div class='ocr_carea' id='block_1_8' title="bbox 178 3266 1907 3335">
    <p class='ocr_par' dir='ltr' id='par_1_11' title="bbox 178 3266 1907 3335">
     <span class='ocr_line' id='line_1_37' title="bbox 178 3266 1907 3335; baseline -0.002 -15"><span class='ocrx_word' id='word_1_246' title='bbox 178 3270 485 3320; x_wconf 87' lang='lat' dir='ltr'>advocatum</span> <span class='ocrx_word' id='word_1_247' title='bbox 529 3266 851 3318; x_wconf 83' lang='lat' dir='ltr'>exhibuisse.</span> <span class='ocrx_word' id='word_1_248' title='bbox 931 3266 1098 3335; x_wconf 86' lang='lat' dir='ltr'>Cujus</span> <span class='ocrx_word' id='word_1_249' title='bbox 1136 3267 1442 3318; x_wconf 90' lang='lat' dir='ltr'>meritorum</span> <span class='ocrx_word' id='word_1_250' title='bbox 1482 3267 1734 3318; x_wconf 88' lang='lat' dir='ltr'>memoria</span> <span class='ocrx_word' id='word_1_251' title='bbox 1760 3275 1907 3317; x_wconf 90' lang='lat' dir='ltr'>tanto</span> 
     </span>
    </p>
   </div>
   <div class='ocr_carea' id='block_1_9' title="bbox 181 3388 1906 3675">
    <p class='ocr_par' dir='ltr' id='par_1_12' title="bbox 181 3388 1906 3675">
     <span class='ocr_line' id='line_1_38' title="bbox 238 3388 1905 3445; baseline -0.002 -12"><span class='ocrx_word' id='word_1_252' title='bbox 238 3392 250 3415; x_wconf 87' lang='lat'>¹</span> <span class='ocrx_word' id='word_1_253' title='bbox 283 3389 466 3433; x_wconf 85' lang='lat' dir='ltr'>Richard</span> <span class='ocrx_word' id='word_1_254' title='bbox 497 3388 716 3445; x_wconf 87' lang='lat' dir='ltr'>(formerly</span> <span class='ocrx_word' id='word_1_255' title='bbox 746 3388 878 3445; x_wconf 90' lang='lat' dir='ltr'>prior)</span> <span class='ocrx_word' id='word_1_256' title='bbox 910 3402 1004 3430; x_wconf 91' lang='lat' dir='ltr'>suc-</span> <span class='ocrx_word' id='word_1_257' title='bbox 1082 3388 1244 3445; x_wconf 90' lang='lat' dir='ltr'>Bishop</span> <span class='ocrx_word' id='word_1_258' title='bbox 1295 3389 1342 3430; x_wconf 90' lang='lat' dir='ltr'>of</span> <span class='ocrx_word' id='word_1_259' title='bbox 1388 3388 1675 3443; x_wconf 88' lang='lat' dir='ltr'>Winchester,</span> <span class='ocrx_word' id='word_1_260' title='bbox 1727 3389 1810 3430; x_wconf 90' lang='lat' dir='ltr'>and</span> <span class='ocrx_word' id='word_1_261' title='bbox 1860 3389 1905 3430; x_wconf 88' lang='lat' dir='ltr'>in</span> 
     </span>
     <span class='ocr_line' id='line_1_39' title="bbox 181 3445 1906 3501; baseline -0.001 -12"><span class='ocrx_word' id='word_1_262' title='bbox 181 3448 337 3490; x_wconf 88' lang='lat' dir='ltr'>ceeded</span> <span class='ocrx_word' id='word_1_263' title='bbox 364 3454 408 3489; x_wconf 90' lang='lat' dir='ltr'>to</span> <span class='ocrx_word' id='word_1_264' title='bbox 436 3447 508 3489; x_wconf 90' lang='lat' dir='ltr'>the</span> <span class='ocrx_word' id='word_1_265' title='bbox 546 3447 625 3489; x_wconf 86' lang='lat' dir='ltr'>See</span> <span class='ocrx_word' id='word_1_266' title='bbox 661 3446 709 3487; x_wconf 86' lang='lat' dir='ltr'>of</span> <span class='ocrx_word' id='word_1_267' title='bbox 740 3445 1004 3501; x_wconf 86' lang='lat' dir='ltr'>Canterbury</span> <span class='ocrx_word' id='word_1_268' title='bbox 1086 3447 1195 3489; x_wconf 88' lang='grc'><strong>1197</strong></span> <span class='ocrx_word' id='word_1_269' title='bbox 1235 3446 1364 3487; x_wconf 88' lang='lat' dir='ltr'>Chief</span> <span class='ocrx_word' id='word_1_270' title='bbox 1388 3445 1566 3499; x_wconf 89' lang='lat' dir='ltr'>Justicc‚</span> <span class='ocrx_word' id='word_1_271' title='bbox 1599 3460 1644 3488; x_wconf 90' lang='lat' dir='ltr'>as</span> <span class='ocrx_word' id='word_1_272' title='bbox 1671 3446 1738 3488; x_wconf 92' lang='lat' dir='ltr'>his</span> <span class='ocrx_word' id='word_1_273' title='bbox 1767 3445 1906 3487; x_wconf 85' lang='lat' dir='ltr'>father</span> 
     </span>
     <span class='ocr_line' id='line_1_40' title="bbox 182 3503 1904 3558; baseline 0.001 -13"><span class='ocrx_word' id='word_1_274' title='bbox 182 3504 226 3546; x_wconf 92' lang='lat' dir='ltr'>in</span> <span class='ocrx_word' id='word_1_275' title='bbox 250 3505 375 3547; x_wconf 89' lang='lat'>1173.</span> <span class='ocrx_word' id='word_1_276' title='bbox 1081 3503 1163 3544; x_wconf 90' lang='lat' dir='ltr'>had</span> <span class='ocrx_word' id='word_1_277' title='bbox 1196 3503 1314 3545; x_wconf 86' lang='lat' dir='ltr'>been.</span> <span class='ocrx_word' id='word_1_278' title='bbox 1376 3503 1454 3545; x_wconf 88' lang='lat' dir='ltr'>See</span> <span class='ocrx_word' id='word_1_279' title='bbox 1477 3503 1702 3558; x_wconf 88' lang='lat' dir='ltr'>Wharton,</span> <span class='ocrx_word' id='word_1_280' title='bbox 1735 3504 1787 3546; x_wconf 87' lang='lat' dir='ltr'>A.</span> <span class='ocrx_word' id='word_1_281' title='bbox 1811 3503 1854 3546; x_wconf 85' lang='lat' dir='ltr'>S.</span> <span class='ocrx_word' id='word_1_282' title='bbox 1878 3503 1904 3546; x_wconf 91' lang='lat' dir='ltr'>i.</span> 
     </span>
     <span class='ocr_line' id='line_1_41' title="bbox 242 3560 1182 3616; baseline -0.001 -13"><span class='ocrx_word' id='word_1_283' title='bbox 242 3561 258 3584; x_wconf 79' lang='lat'>²</span> <span class='ocrx_word' id='word_1_284' title='bbox 287 3561 392 3603; x_wconf 89' lang='lat' dir='ltr'>This</span> <span class='ocrx_word' id='word_1_285' title='bbox 422 3560 612 3616; x_wconf 84' lang='lat' dir='ltr'>Godfrey</span> <span class='ocrx_word' id='word_1_286' title='bbox 634 3560 753 3615; x_wconf 91' lang='lat' dir='ltr'>Lucy</span> <span class='ocrx_word' id='word_1_287' title='bbox 775 3574 859 3601; x_wconf 89' lang='lat' dir='ltr'>was</span> <span class='ocrx_word' id='word_1_288' title='bbox 885 3574 910 3601; x_wconf 86' lang='lat' dir='ltr'>a</span> <span class='ocrx_word' id='word_1_289' title='bbox 930 3574 1001 3615; x_wconf 90' lang='lat' dir='ltr'>po·</span> <span class='ocrx_word' id='word_1_290' title='bbox 1081 3562 1182 3603; x_wconf 84' lang='lat'><strong>302.</strong></span> 
     </span>
     <span class='ocr_line' id='line_1_42' title="bbox 184 3616 1433 3675; baseline 0 -15"><span class='ocrx_word' id='word_1_291' title='bbox 184 3624 272 3660; x_wconf 90' lang='lat' dir='ltr'>tent</span> <span class='ocrx_word' id='word_1_292' title='bbox 310 3632 476 3675; x_wconf 90' lang='lat' dir='ltr'>person.</span> <span class='ocrx_word' id='word_1_293' title='bbox 560 3617 612 3659; x_wconf 91' lang='lat' dir='ltr'>In</span> <span class='ocrx_word' id='word_1_294' title='bbox 665 3620 777 3659; x_wconf 84' lang='grc'><strong>1189</strong></span> <span class='ocrx_word' id='word_1_295' title='bbox 825 3616 878 3658; x_wconf 86' lang='lat' dir='ltr'>he</span> <span class='ocrx_word' id='word_1_296' title='bbox 919 3631 1003 3659; x_wconf 84' lang='lat' dir='ltr'>was</span> <span class='ocrx_word' id='word_1_297' title='bbox 1138 3618 1154 3641; x_wconf 82' lang='lat'>³</span> <span class='ocrx_word' id='word_1_298' title='bbox 1182 3632 1223 3660; x_wconf 81' lang='lat' dir='ltr'>A.</span> <span class='ocrx_word' id='word_1_299' title='bbox 1239 3631 1280 3659; x_wconf 90' lang='lat' dir='ltr'>D.</span> <span class='ocrx_word' id='word_1_300' title='bbox 1304 3618 1433 3660; x_wconf 78' lang='lat'>1160.</span> 
     </span>
    </p>
   </div>
  </div>
 </body>
</html>
