2398 4152
658 428 1023 470 MoNAs'rERn
1060 428 1140 470 DE
1181 430 1387 470 BELLO.
1798 415 1898 473 171

62 533 98 625 ⁷.
163 551 326 603 fuisse
351 558 675 619 susceptum,
703 561 758 603 et
786 551 1119 615 auctoritate,
1148 570 1254 621 qua
1286 551 1486 603 electus
1511 551 1707 620 potuit,
1737 550 1794 601 in
1818 568 1902 601 ec-

163 635 320 686 clesia
354 635 680 698 institutum,
706 644 849 688 carta
883 635 1228 687 nihilominus
1265 635 1367 687 sibi
1400 653 1432 686 a
1461 634 1688 704 praefato
1731 634 1901 686 electo

160 737 318 788 super
340 719 508 787 ipsius
532 719 872 772 institutione
896 720 1152 788 praestita,
1181 738 1340 789 quam
1364 720 1506 771 idem
1532 718 1731 770 electus
1755 726 1900 787 post-

162 802 378 853 modum
411 803 477 854 ab
508 802 797 871 apostolica
834 804 957 855 sede
991 804 1217 865 redienS,
1254 811 1309 854 et
1342 821 1374 854 a
1411 820 1548 871 papa
1591 800 1900 853 Alexandro

160 893 508 950 consecratm,
538 887 651 955 jam
683 885 1124 956 archiepiscopuS,
1153 888 1266 955 jam
1299 886 1511 955 primaS‚
1541 887 1654 954 jam
1691 893 1901 954 aposto-

157 967 275 1019 licae
311 968 448 1019 sedis
480 969 706 1037 legatUS,
745 971 888 1022 onmi
925 988 1032 1038 qua
1066 970 1388 1038 fungebatur
1424 969 1740 1021 auctoritate
1777 988 1900 1020 con-

157 1050 471 1105 firmaverat.
546 1052 834 1104 Metuebat
881 1072 1006 1122 ergo
1055 1072 1273 1105 cernens
1329 1053 1569 1120 undique
1618 1052 1900 1103 imminens

158 1134 471 1203 periculum,
500 1136 752 1204 quoniam
783 1136 828 1188 si
865 1137 1114 1188 adversus
1139 1136 1497 1188 Godefridum
1533 1136 1683 1186 litem
1718 1135 1897 1199 iniret,

159 1227 341 1270 contra
361 1219 524 1286 regiae
559 1220 887 1272 auctoritatis
923 1220 1278 1282 donationem,
1315 1227 1370 1271 et
1404 1218 1782 1287 archiepiscopi
1818 1219 1900 1270 in-

157 1301 509 1366 stitutionem,
535 1321 595 1354 ac
619 1310 970 1371 utrorumque
997 1304 1466 1365 confirmationem,
1493 1310 1780 1370 contraque
1806 1302 1899 1354 do-

158 1386 361 1438 minum
400 1386 692 1438 Ricardum
739 1388 803 1439 de
839 1387 977 1439 Luci
1017 1387 1292 1456 saepedicti
1343 1386 1625 1439 Godesridi
1672 1394 1896 1455 patrem,

159 1470 324 1522 totius
372 1469 587 1538 Angliae
624 1479 746 1539 post
784 1471 1058 1523 dominum
1095 1490 1274 1539 regem
1302 1470 1574 1539 justiciam
1617 1470 1896 1538 capitalem

158 1554 507 1605 irreverenter
555 1573 708 1623 agere
755 1555 1039 1607 videretur.
1117 1554 1177 1606 Si
1224 1573 1346 1606 vero
1383 1554 1470 1605 liti
1518 1554 1829 1605 renuntians
1865 1573 1897 1605 a

160 1655 315 1689 causa
357 1637 623 1702 deficeret,
661 1657 791 1691 mox
838 1638 1054 1691 ecclesia
1102 1639 1166 1690 de
1204 1639 1301 1690 Wi
1350 1637 1647 1689 Godefrido
1695 1638 1895 1706 absque

160 1721 270 1772 ulla
307 1722 621 1790 exceptione
666 1730 782 1774 tota
829 1722 1241 1792 adjudicaretur,
1290 1721 1777 1788 monasteriumque
1829 1722 1894 1773 de

162 1805 315 1857 Bello
362 1806 513 1858 annis
562 1806 784 1875 singulis
833 1807 1102 1858 amissioni
1150 1807 1332 1858 decem
1379 1824 1672 1857 marcarum
1716 1806 1894 1875 subja·

160 1897 318 1941 ceret.
393 1890 696 1942 Recurrens
737 1891 906 1959 igitur
944 1891 1106 1942 abbas
1144 1890 1210 1941 ad
1248 1897 1377 1941 nota
1414 1897 1469 1940 et
1507 1897 1760 1940 consueta
1801 1890 1893 1940 de-

157 1973 383 2024 votionis
421 1981 478 2025 et
514 1973 766 2025 orationis
802 1973 1066 2043 praesidia,
1106 1991 1325 2041 seseque
1367 1972 1593 2024 fratrum
1630 1991 1893 2024 commen·

158 2057 285 2108 dans
334 2056 680 2120 orationibUS,
744 2058 1019 2109 dominum
1074 2075 1255 2125 regem
1303 2055 1453 2119 adiit,
1512 2057 1778 2123 quomodo
1835 2057 1893 2109 in

154 2159 363 2192 causam
397 2141 697 2192 traheretur
731 2141 1002 2210 exposuit,
1023 2141 1314 2210 prudenter
1349 2139 1604 2209 principis
1636 2140 1890 2205 animum,

157 2224 243 2276 cui
291 2242 347 2275 se
384 2223 526 2292 parti
572 2224 753 2292 potius
795 2224 1094 2287 inclinaret,
1139 2223 1358 2292 cupiens
1406 2222 1672 2291 indagare.
1750 2223 1892 2293 Sup-

155 2307 387 2377 plicabat
433 2307 566 2375 regi,
616 2311 651 2336 “
673 2307 754 2359 Ut
795 2326 850 2359 se
898 2308 1059 2359 verbo
1107 2306 1333 2375 simplici
1380 2314 1584 2358 certum
1625 2307 1890 2371 redderet,

157 2390 201 2443 si
226 2390 497 2443 ecclesiam
522 2390 586 2442 de
612 2390 708 2442 Wi
735 2390 1031 2442 Godefrido
1057 2391 1121 2442 de
1149 2390 1284 2441 Luci
1320 2390 1661 2441 concessisset
1694 2409 1888 2454 necne;

156 2492 388 2526 asserens
430 2493 485 2526 se
514 2474 818 2526 nullatenus
853 2475 1100 2526 adversus
1134 2474 1311 2542 ipsum
1347 2473 1704 2525 Godefridum
1739 2474 1892 2526 litem

155 2557 434 2620 initurum,
475 2558 520 2608 si
559 2557 662 2609 sibi
705 2558 770 2608 de
803 2557 942 2624 regis
981 2557 1268 2609 donatione
1298 2564 1478 2624 posset
1513 2557 1707 2608 certius
1739 2558 1893 2610 inno-

157 2640 408 2693 tescere.’'
479 2641 609 2693 Rex
640 2640 979 2692 donationem
1012 2658 1106 2708 per
1135 2658 1189 2691 se
1227 2639 1422 2691 factam
1456 2640 1624 2692 sciens
1646 2660 1754 2693 non
1779 2661 1891 2694 esse

155 2726 474 2789 canonicam,
502 2725 664 2794 coepit
687 2725 1034 2787 dissimulare,
1062 2724 1256 2788 dicens,
1294 2729 1328 2752 “
1350 2725 1478 2775 Non
1517 2743 1571 2775 se
1605 2725 1798 2778 habere
1832 2727 1890 2779 in

153 2809 403 2861 memoria
448 2810 592 2877 quod
636 2809 977 2878 saepedictam
1017 2808 1288 2860 ecclesiam
1339 2808 1636 2861 Godefrido
1677 2829 1888 2862 conces-

154 2894 282 2944 serit
304 2893 388 2945 vel
413 2892 850 2945 confirmaverit.”
924 2891 1109 2944 Abbas
1134 2893 1201 2943 ab
1228 2911 1289 2943 eo
1314 2891 1449 2942 nihil
1485 2901 1687 2944 certum
1711 2895 1889 2947 valens

154 2984 493 3044 extorquere,
535 2976 751 3028 divertit
788 2977 857 3028 ad
894 2976 1367 3044 archiepiscopum,
1410 2975 1677 3027 sciscitans
1714 2979 1780 3029 ab
1822 2997 1887 3029 eo

155 3061 198 3111 si
236 3060 594 3112 Godefridum
642 3060 709 3111 ad
754 3060 1219 3129 praesentationem
1268 3059 1468 3110 domini
1514 3060 1653 3127 regis
1700 3061 1758 3110 in
1802 3080 1887 3113 ec-

153 3143 308 3195 clesia
332 3144 396 3195 de
423 3144 518 3195 Wi
541 3162 821 3212 personam
844 3143 1164 3194 instituisset
1189 3150 1243 3193 et
1275 3142 1671 3193 institutionem
1703 3153 1887 3195 aucto-

153 3227 308 3279 ritate
335 3246 441 3295 qua
464 3227 788 3295 fungebatur
812 3227 1184 3278 confirmasset.
1261 3224 1679 3295 Archiepiscopo
1698 3246 1886 3295 magna

155 3329 276 3362 cum
323 3311 610 3362 assertione
649 3318 978 3379 protestante
1029 3330 1082 3361 se
1128 3309 1482 3360 Godefridum
1523 3328 1631 3360 non
1673 3310 1777 3361 nisi
1819 3312 1886 3362 ad

154 3395 449 3462 portionem
488 3395 742 3459 ecclesiae,
791 3413 950 3462 quam
987 3394 1295 3444 Willelmus
1331 3393 1608 3460 presbiter,
1661 3395 1725 3444 de
1777 3414 1886 3463 quo

156 3478 394 3546 superius
422 3478 563 3530 facta
596 3487 677 3529 est
712 3478 931 3540 mentio,
963 3478 1047 3527 die
1076 3496 1182 3545 qua
1214 3477 1271 3527 in
1305 3476 1415 3528 fata
1450 3477 1724 3541 concessit,
1764 3498 1885 3547 pos-

153 3562 373 3625 sederat,
421 3563 733 3626 instituisse,
778 3563 1020 3632 nihilque
1060 3580 1220 3630 super
1256 3560 1338 3612 his
1377 3578 1499 3629 quae
1537 3562 1885 3631 archiepisco-
