2398 4152
205 2722 243 2745 A.
258 2723 294 2746 D.
309 2719 399 2747 1100.

205 2756 316 2787 Death
326 2756 364 2787 of
377 2758 448 2788 Ru-

203 2795 269 2835 fus,
287 2798 375 2838 Aug.
392 2798 447 2831 2d.

488 453 557 503 46
989 463 1270 505 HISTORIA
1306 462 1714 504 FUNDATIONIS

476 593 658 660 justus
693 589 870 658 judex
907 606 1015 639 non
1056 587 1288 650 distulit,
1321 586 1595 638 *Dominus
1645 585 1829 637 dilecti
1878 585 1960 637 sui
2000 577 2229 637 Martini

480 681 892 741 sanctorumque
914 689 1143 740 quorum
1168 672 1226 722 in
1251 673 1369 741 ejus
1386 670 1607 722 basilica
1621 669 1966 721 continentur
1985 669 2226 738 pignora,

477 757 898 827 expoliationem
939 756 1127 826 quanti
1169 756 1370 825 pendat
1420 754 1717 824 propalare.
1794 753 1936 805 Nam
1978 753 2227 822 sequenti

477 860 694 910 quoque
716 859 855 892 anno
881 840 1079 893 iterum
1103 840 1448 891 incumbente
1474 838 1712 890 rediviva
1734 837 2073 907 intemperie,
2104 854 2227 890 cum

475 928 610 989 haec,
639 927 704 978 de
732 944 840 994 qua
864 925 1041 993 agitur
1073 925 1309 994 planeta,
1339 923 1486 974 lineo
1522 921 1757 974 studiose
1782 921 2025 973 involuta
2047 938 2227 991 panno

474 1012 616 1062 inter
658 1011 789 1062 duas
834 1010 1071 1079 ejusdem
1113 1008 1411 1078 praecipuas
1451 1007 1688 1058 ecclesiae
1728 1006 1930 1058 casulas
1969 1005 2227 1058 collocata

466 1097 688 1165 jaceret,
732 1094 978 1164 protinus
1017 1093 1227 1145 caelitus
1265 1092 1504 1143 vibratus
1544 1091 1773 1160 fulguris
1804 1091 1939 1142 hanc
1978 1097 2227 1159 penetrat

473 1180 629 1242 ictus,
677 1197 740 1230 ac
786 1178 930 1230 lineo
977 1195 1155 1246 panno
1201 1176 1500 1245 casulisque
1550 1194 1674 1244 quae
1724 1194 1884 1244 supra
1931 1175 2223 1243 subterque

466 1264 719 1333 jacebant
743 1262 945 1325 illaesis,
972 1261 1030 1312 in
1054 1261 1199 1312 illius
1219 1261 1484 1330 plicatura
1499 1259 1579 1312 vis
1598 1259 1839 1311 fulminis
1859 1259 2016 1329 ignea
2033 1257 2223 1310 immo-

472 1347 590 1399 dica
640 1346 817 1398 effecit
863 1344 1139 1409 foramina,
1189 1345 1423 1414 hincque
1473 1344 1612 1395 tanti
1661 1362 1872 1396 causam
1928 1343 2055 1395 mali
2103 1342 2220 1394 fore

471 1432 704 1501 intelligi
743 1431 908 1483 dedit.
986 1431 1145 1482 Unde
1171 1430 1348 1482 divina
1390 1430 1468 1482 ita
1492 1430 1687 1481 sanctis
1711 1429 2031 1498 proponitur
2053 1429 2223 1481 virtus

471 1517 796 1579 admiranda,
826 1517 956 1567 dum
982 1515 1314 1567 Babilonicae
1341 1514 1574 1566 fornacis
1612 1533 1778 1577 more,
1808 1532 1915 1583 qua
1950 1516 2221 1583 justorum

470 1609 682 1652 tantum
729 1601 1120 1652 comburuntur
1166 1598 1396 1662 vincula,
1449 1597 1507 1649 in
1554 1598 1653 1650 hac
1702 1598 2035 1649 solummodo
2083 1598 2226 1667 ignis

468 1684 754 1753 praevaluit
784 1684 1017 1753 planeta,
1057 1683 1184 1751 quia
1207 1683 1272 1735 de
1299 1689 1601 1734 sanctorum
1625 1682 1825 1752 injuste
1851 1682 2034 1752 spoliis
2059 1684 2222 1736 deno-

469 1769 602 1820 tavit
643 1769 981 1837 adquisitam.
1059 1768 1176 1820 Nec
1214 1763 1500 1819 molestum
1541 1767 1793 1836 cuiquam
1841 1768 2087 1820 videatur
2123 1787 2220 1821 nos

466 1854 629 1923 paulo
654 1854 810 1905 aliter
836 1871 997 1921 quam
1023 1872 1054 1904 a
1098 1853 1347 1921 quodam,
1389 1853 1485 1921 qui
1522 1853 1587 1904 de
1612 1852 1710 1904 hac
1736 1859 1860 1904 ante
1884 1870 1982 1904 nos
2006 1852 2222 1922 planeta

468 1938 690 1989 mirifice
734 1938 962 2006 scripsit,
1001 1936 1359 1989 narrationem
1386 1936 1645 1999 texuisse,
1693 1937 1821 2005 quia
1854 1936 1970 1989 haec
1994 1937 2072 1989 ita
2095 1956 2220 1989 con-

467 2022 650 2090 tigisse
683 2040 781 2073 nos
821 2023 887 2073 ab
922 2022 1006 2072 his
1042 2021 1135 2090 qui
1178 2021 1295 2073 haec
1320 2029 1613 2090 praesentes
1639 2029 2045 2091 conspexerant,
2073 2030 2130 2075 et
2153 2023 2220 2074 ab

466 2106 583 2175 ipso
604 2106 939 2169 nominatim,
962 2105 1055 2174 qui
1074 2106 1237 2175 hujus
1256 2115 1476 2158 exactor
1493 2106 1737 2175 pecuniae
1753 2106 1948 2170 fuerat,
1961 2106 2220 2159 monacho

468 2190 701 2242 Ricardo
725 2190 957 2253 nomine,
1000 2190 1094 2259 qui
1120 2190 1260 2241 forte
1288 2208 1409 2241 cum
1452 2189 1620 2259 ipsius
1646 2189 1942 2258 Flagiensis
1980 2190 2218 2242 ecclesiae

469 2275 659 2326 abbate
687 2275 875 2326 Odone
914 2274 1219 2337 advenienS,
1257 2292 1432 2326 coram
1473 2274 1689 2326 domino
1715 2275 1905 2326 abbate
1933 2274 2220 2328 Warnerio

469 2366 525 2408 et
562 2358 723 2426 pleno
752 2358 974 2411 Bellieae
1001 2358 1240 2410 ecclesiae
1285 2359 1539 2428 capitu10‚
1575 2359 1732 2410 venia
1773 2378 1871 2428 pro
1915 2378 1970 2410 se
2010 2378 2216 2429 suoque

468 2442 640 2511 petita
676 2443 913 2506 ecclesia,
950 2444 1069 2512 ipso
1095 2451 1386 2495 attestante
1422 2444 1635 2507 abbate,
1672 2444 1772 2495 sub
1799 2444 1965 2495 divini
1990 2445 2220 2497 nominis

470 2527 823 2591 invocatione,
850 2535 914 2579 ut
938 2527 1217 2579 audientes
1243 2526 1543 2590 didicimuS,
1578 2527 1750 2579 veraci
1787 2546 2028 2580 sermone
2052 2530 2220 2582 relata

473 2612 861 2681 descripsimuS.

545 2697 752 2748 Iterum
793 2696 917 2749 stilo
963 2698 1030 2749 ad
1075 2698 1317 2749 ordinem
1354 2697 1577 2761 refleXO,
1619 2715 1739 2749 cum
1779 2696 1919 2765 regis
1953 2697 2218 2750 Willelmi

472 2781 647 2850 magni
674 2781 941 2832 Willelmi
965 2781 1065 2832 filii
1091 2781 1508 2850 circumquaque
1546 2781 1762 2832 virtutis
1786 2781 1928 2833 fama
1970 2791 2026 2834 et
2049 2790 2220 2835 terror

473 2867 844 2928 crebresceret,
873 2865 1100 2934 contigit
1133 2867 1362 2917 eundem
1396 2884 1577 2934 regem
1603 2865 1660 2916 in
1685 2865 1889 2929 silvam,
1919 2885 2079 2935 quam
2103 2867 2218 2936 ipse

472 2950 748 3002 stabiliens
775 2951 984 3002 Novam
1009 2950 1231 3002 vocitari
1255 2950 1445 3013 voluit,
1466 2958 1720 3001 venatum
1748 2949 1888 3002 forte
1922 2952 2211 3004 devenisse.

473 3035 599 3089 Quo
627 3036 753 3086 dum
780 3054 930 3087 suam
955 3035 1190 3087 studiose
1216 3053 1470 3086 exercens
1496 3034 1850 3086 delectaretur
1881 3035 2215 3099 industriam,

472 3119 681 3170 occulto
709 3119 816 3170 Dei
844 3139 951 3188 quo
982 3120 1260 3189 ignoratur
1296 3119 1504 3189 judicio
1530 3137 1672 3181 casn,
1714 3138 1744 3170 a
1770 3121 2001 3187 quodam
2025 3120 2226 3184 milite,

470 3204 620 3272 regni
648 3204 730 3255 sui
773 3221 912 3255 anno
937 3203 1057 3256 xiii.
1087 3203 1278 3272 sagitta
1318 3203 1601 3266 sauciatus,
1641 3203 1747 3254 iiii0
1787 3222 1952 3255 nonas
1979 3203 2220 3273 Augusti

470 3288 579 3338 vita
604 3288 931 3356 defungitur,
978 3288 1174 3340 divinae
1219 3306 1356 3339 anno
1381 3287 1758 3339 incarnationis
1784 3287 1865 3338 M.
1894 3307 1936 3339 c.
1966 3288 2215 3342 instante.

473 3371 600 3422 Rex
643 3372 808 3440 igitur
839 3372 1117 3423 Willelmo
1159 3390 1326 3440 regno
1367 3390 1489 3423 cum
1532 3371 1641 3422 vita
1678 3372 1779 3423 hoc
1812 3373 1971 3424 modo
1998 3374 2214 3426 decessu

474 3464 700 3519 carente,
727 3457 900 3525 patria
923 3457 1170 3525 protinus
1197 3457 1411 3508 turbata
1442 3456 1752 3520 concitatur,
1791 3457 2218 3527 optimatumque

474 3539 744 3591 nonnullis
784 3541 1018 3609 partium
1060 3541 1375 3592 dissensioni
1415 3540 1652 3592 animum
1678 3542 2216 3608 accommodantibus,

474 3624 853 3690 superveniens
890 3643 961 3675 ex
1024 3624 1130 3675 Dei
1187 3625 1535 3694 dispositione
1580 3625 1719 3694 regis
1769 3625 2008 3678 defuncti
2054 3628 2220 3679 frater
