2398 4152
461 502 530 551 52
966 510 1248 552 HISTORIA
1286 509 1693 550 FUNDATIONIS

456 636 614 704 gione
659 643 714 686 et
756 634 1043 703 prudentia
1082 632 1476 703 sagacissimum
1511 632 1812 685 Radulfum
1850 630 2083 693 nomine,
2111 627 2207 697 qui

458 739 579 771 cum
628 718 926 770 Lanfranco
975 717 1351 786 archipraesule
1402 716 1656 785 Angliam
1705 716 1925 779 adierat,
1977 723 2033 766 et
2077 721 2206 764 tunc

458 806 653 857 ascitus
679 806 778 856 sub
804 804 1092 856 venerabili
1118 803 1371 872 pontifice
1386 802 1671 874 Gundulfo
1692 801 1945 853 Rofensis
1970 798 2210 851 ecclesiae·

458 889 753 958 prioratum
778 898 991 940 strenue
1018 888 1438 951 administrabat,
1467 887 1645 956 ipsum
1669 885 1941 955 praedictae
1967 883 2211 953 praefecit

191 985 282 1026 Aus-
302 987 365 1016 1³t·
462 975 710 1026 abbatem
749 973 1005 1024 ecclesiae.
1098 972 1212 1026 Qui
1250 972 1308 1022 in
1349 971 1434 1022 die
1481 971 1650 1022 sancti
1700 969 1852 1021 Petri
1895 969 1962 1020 ad
1998 967 2212 1019 vincula

188 1069 278 1109 Aus-
299 1067 387 1100 ¹⁰th·
463 1059 681 1121 electus,
710 1066 765 1108 et
801 1057 858 1108 in
896 1057 981 1108 die
1008 1056 1147 1108 festo
1174 1055 1342 1107 sancti
1369 1054 1651 1106 Laurentii
1676 1054 1821 1124 apud
1847 1053 2062 1104 Bellum
2088 1070 2210 1103 cum

463 1142 673 1194 decenti
717 1149 964 1211 receptus
1004 1141 1222 1202 honore,
1264 1140 1434 1209 coepit
1459 1139 1714 1190 continuo
1740 1146 1795 1189 et
1817 1136 2065 1206 religioni
2103 1153 2210 1204 qua

459 1226 714 1290 fervebat,
757 1234 812 1276 et
853 1225 1146 1294 prudenter
1171 1223 1398 1274 interius
1425 1222 1773 1291 exteriusque
1799 1221 2033 1273 ecclesiae
2059 1219 2209 1272 utili-

460 1311 559 1362 tati
599 1310 774 1361 animo
811 1308 1102 1377 invigilare.
1181 1306 1374 1376 Itaque
1400 1306 1518 1376 ipso
1557 1307 1671 1357 viro
1696 1305 1988 1358 venerabili
2025 1322 2211 1373 super-

459 1395 791 1457 intendente,
852 1393 908 1443 in
973 1400 1177 1444 tantam
1240 1391 1456 1442 honoris
1509 1390 1959 1459 magnificentiam
2025 1388 2210 1439 eadem

459 1486 764 1531 excreverat
804 1476 1041 1542 ecclesia,
1083 1483 1146 1526 ut
1187 1475 1357 1544 ipsius
1398 1474 1745 1543 dispositione
1776 1493 1872 1543 per
1895 1473 2080 1525 fideles
2103 1473 2211 1524 fra-

458 1572 601 1614 trum
642 1581 830 1614 manus
870 1561 1079 1612 utiliter
1104 1561 1292 1611 domus
1315 1578 1441 1611 cura
1464 1567 1764 1628 procurata,
1807 1559 2032 1611 interius
2057 1566 2211 1610 exte-

456 1647 675 1714 riusque
711 1645 944 1697 caritatis
1006 1643 1341 1694 exhibitione
1393 1643 1652 1695 universis
1702 1643 1969 1694 existente
2007 1644 2209 1711 absque

457 1732 710 1783 dilatione
754 1730 1004 1798 gratuita,
1066 1728 1203 1780 nulli
1254 1727 1471 1796 Angliae
1531 1727 1873 1779 ecclesiarum
1931 1727 2207 1798 religione,

457 1817 715 1879 bonitate,
767 1814 1193 1876 mansuetudine,
1237 1813 1475 1877 caritate,
1540 1813 1995 1882 humanitatisque
2039 1812 2213 1882 gratia

459 1922 574 1957 esse,
595 1896 913 1971 probaretur
958 1900 1202 1951 secunda.
1290 1899 1411 1950 Hoc
1449 1899 1770 1951 domesticus
1812 1898 1939 1950 fidei
1979 1898 2208 1968 quisque

460 1987 737 2050 clamabat,
763 1986 863 2036 hoc
888 1984 1035 2052 vulgi
1061 2003 1152 2035 ora
1175 1983 1433 2034 variantia
1455 1985 1880 2053 perstrepebant,
1920 1982 2048 2034 huic
2073 1982 2210 2034 invi-

460 2071 547 2121 dia
573 2069 638 2137 (si
664 2088 770 2137 qua
793 2069 933 2119 forte
958 2067 1282 2136 pullulabat)
1309 2087 1525 2136 gemens
1550 2069 1949 2119 succumbebat.
2026 2067 2205 2119 Bono-

458 2173 577 2205 rum
602 2171 833 2222 namque
880 2152 1118 2203 omnium
1158 2151 1626 2220 superabundante
1655 2152 1824 2221 copia,
1854 2159 2004 2203 tanta
2027 2151 2209 2221 hospi-

457 2238 653 2289 talitati
678 2237 1126 2306 impendebantur
1151 2236 1346 2299 studia,
1389 2244 1452 2286 ut
1474 2235 1713 2304 hospites
1740 2237 1961 2304 quique,
2003 2235 2088 2287 vel
2113 2253 2210 2286 ex-

457 2322 646 2384 tranei,
672 2340 779 2372 non
807 2329 916 2372 tam
941 2321 1007 2371 ad
1030 2320 1415 2389 hospitandum
1442 2339 1602 2388 quam
1627 2320 1694 2371 ad
1721 2320 1925 2372 diutius
1950 2339 2046 2389 pro
2071 2319 2208 2371 velle

457 2406 779 2456 manendum
814 2413 878 2456 ut
914 2404 1131 2473 propria
1173 2405 1384 2456 adirent
1425 2404 1706 2456 domicilia.
1784 2404 1900 2456 Nec
1927 2413 2055 2456 tunc
2090 2405 2207 2456 haec

459 2490 718 2558 quaelibet
742 2489 954 2540 arcebat
977 2489 1176 2557 inopia,
1214 2489 1530 2556 disponente
1575 2508 1638 2540 eo
1675 2489 1763 2540 cui
1801 2489 2066 2558 singulare
2108 2498 2206 2553 est,

459 2573 603 2624 omni
639 2573 859 2624 habenti
897 2592 986 2623 cor
1020 2573 1077 2623 in
1103 2572 1224 2624 Deo
1261 2573 1566 2642 largifluum
1605 2573 1883 2625 adiciendo
1927 2582 1990 2625 ut
2024 2592 2210 2642 super-

458 2658 712 2720 abundet,
734 2656 1001 2708 sufficiens
1024 2668 1278 2725 praestare
1305 2658 1741 2710 emolumentum.

530 2741 738 2792 Eodem
786 2741 971 2810 itaque
1022 2749 1279 2810 tempore,
1331 2741 1534 2793 domini
1582 2742 1751 2794 nostri
1798 2741 1938 2810 regis
1983 2741 2209 2794 Henrici

458 2825 735 2888 industria,
773 2824 869 2892 qui
905 2826 1115 2877 abbatis
1139 2826 1253 2878 vice
1282 2827 1521 2878 exterius
1546 2834 1770 2895 paterno
1796 2827 2018 2878 eandem
2043 2826 2209 2877 eccle-

458 2909 589 2960 siam
628 2909 692 2959 de
733 2908 888 2960 Bello
928 2910 1143 2963 fovebat
1186 2918 1241 2961 et
1281 2911 1618 2979 gubernabat
1660 2928 1857 2973 amore,
1900 2929 1959 2961 ac
1999 2910 2208 2962 abbatis

458 2993 678 3044 Radulfi
704 2993 1064 3045 sollicitudine
1085 3002 1148 3045 ut
1171 2994 1569 3063 praelibavimus
1594 2994 1843 3062 religioni
1869 3002 1925 3045 et
1950 2994 2210 3046 doctrinae·

455 3078 680 3128 interius
719 3077 1031 3140 insistentis,
1077 3078 1267 3130 eodem
1302 3077 1421 3130 loco
1461 3078 1520 3129 in
1553 3078 1725 3130 multa
1760 3078 1943 3146 quiete
1986 3086 2041 3129 et
2078 3097 2207 3147 pace

456 3179 725 3230 opumque
764 3162 919 3230 copia
943 3162 1114 3213 indies
1147 3162 1479 3231 proficiente,
1507 3163 1675 3231 coepit
1704 3162 1846 3213 inter
1880 3162 1984 3213 alia
2009 3162 2207 3230 sagaci-

455 3246 579 3296 tatis
606 3245 799 3308 studia,
827 3246 989 3297 abbas
1012 3265 1133 3297 cum
1158 3246 1414 3298 fratribus
1439 3255 1604 3298 terras
1629 3245 1991 3314 perquirendo
2012 3264 2205 3308 emere,

456 3338 511 3380 et
548 3331 779 3393 amissas,
819 3330 903 3382 vel
948 3330 1148 3400 injuste
1191 3340 1476 3395 extractaS,
1516 3331 1600 3382 vel
1639 3331 1843 3382 ablatas
1883 3329 1941 3380 in
1966 3329 2207 3398 ejusdem

455 3414 688 3465 ecclesiae
715 3414 964 3466 maneriis
989 3415 1229 3484 singulis,
1266 3416 1477 3484 placitis
1504 3423 1559 3466 et
1584 3415 1837 3484 expensis
1863 3414 1931 3464 ad
1954 3432 2207 3482 augmen-

456 3505 570 3547 tum
632 3498 1024 3566 possessionum
1091 3499 1260 3569 ipsius
1309 3499 1548 3551 ecclesiae
1610 3499 1854 3551 addendo
1915 3498 2201 3549 retrahere.

459 3577 605 3630 Inter
646 3600 775 3649 quas
819 3602 849 3634 a
890 3583 1121 3650 quodam
1164 3582 1505 3652 Ingelranno,
1545 3583 1759 3634 homine
1791 3581 2112 3633 Withelardi
2139 3581 2204 3633 de

459 3663 648 3726 Bailol,
687 3678 931 3719 emerunt
958 3678 1065 3721 tres
1101 3670 1278 3722 wistas
1306 3680 1482 3733 terrae,
1530 3690 1661 3739 quas
1686 3670 1800 3739 ipse
1831 3670 1975 3738 apud
2002 3669 2204 3720 Berne-

188 3575 357 3606 Purchase
372 3574 410 3606 of

186 3617 281 3648 three
297 3616 410 3647 wistae

187 3661 222 3688 at
238 3659 369 3689 Burne-

186 3699 292 3730 horne
310 3711 317 3719 ·
