2398 4152
654 399 1018 441 MONASTERII
1060 399 1139 439 DE
1175 399 1384 441 BELLO.
1641 461 1644 464 Α
1802 391 1870 441 43

82 545 87 548 ·
146 522 330 572 eodem
354 520 696 572 dedicationis
735 521 965 573 ecclesiae
1008 540 1162 585 anno,
1193 523 1303 590 jam
1329 522 1384 572 in
1410 520 1552 572 illius
1578 521 1679 572 loci
1705 522 1869 572 admi-

143 603 451 654 nistratione
501 612 728 670 quatuor
769 604 879 656 fere
932 604 1199 656 fortunate
1250 604 1621 656 consummatis
1670 605 1867 667 lustris,

142 687 282 737 idem
323 686 534 736 tandem
572 686 847 738 debilitate
884 687 951 737 ad
989 696 1227 739 extrema
1274 695 1438 750 actuS,
1499 688 1566 739 vi.
1618 687 1869 739 kalendas

145 768 378 835 Augusti
403 768 542 820 inter
577 769 955 838 discipulorum
997 788 1198 832 manus,
1227 788 1358 837 quos
1396 770 1666 837 religionis
1692 771 1869 822 excel-

143 851 307 902 lentia
343 852 664 913 instituerat,
692 853 757 903 de
796 852 950 902 bonis
976 853 1223 920 centupla
1264 861 1590 920 recepturus,
1626 854 1870 922 spiritum

145 934 335 985 Datori
360 935 604 986 reddidit.
657 935 782 989 Quo
808 943 1001 986 eventu
1025 936 1211 986 fratres
1238 954 1418 987 omnes
1438 937 1549 987 dira
1574 937 1868 988 calamitate

143 1018 334 1080 affecti,
375 1036 494 1069 cum
535 1018 768 1068 maximo
815 1018 1016 1084 gemitu
1084 1027 1138 1068 et
1196 1036 1421 1069 moerore
1471 1037 1659 1087 corpus
1707 1020 1870 1086 patris

143 1099 424 1150 venerandi
472 1100 529 1149 in
571 1099 792 1150 ecclesia
838 1099 1019 1150 eadem
1068 1109 1191 1150 ante
1242 1100 1557 1151 crucifixum
1592 1101 1866 1168 sepeliere.

145 1182 252 1234 Hic
302 1182 525 1233 aedificia
557 1181 900 1244 officinarum,
941 1190 1222 1250 postquam
1262 1182 1545 1233 aedificavit
1598 1183 1869 1234 ecclesiam

142 1265 448 1334 praedictam
491 1264 649 1328 Belli,
688 1264 894 1316 vivente
920 1265 1090 1315 adhuc
1118 1265 1397 1332 magnifico
1426 1284 1549 1332 rege
1576 1266 1868 1329 Willelmo,

144 1358 199 1399 et
241 1366 312 1399 ex
351 1366 446 1399 suo
486 1347 809 1398 thesaurario
842 1356 904 1398 ut
930 1356 1041 1398 erat
1075 1348 1427 1399 necessarium
1453 1348 1867 1411 administrante,

145 1439 410 1499 quotquot
432 1431 720 1485 necessaria
743 1430 996 1481 fratribus
1024 1439 1173 1481 erant
1198 1432 1515 1494 construxit,
1556 1431 1689 1481 nihil
1715 1432 1770 1482 in
1796 1432 1870 1483 eis

143 1515 366 1578 sullime,
393 1524 456 1567 ut
478 1515 638 1566 moris
662 1523 743 1566 est
766 1514 1024 1582 plurimis,
1051 1515 1183 1565 nihi]
1210 1515 1448 1566 mirabile
1474 1516 1751 1580 fabricans,
1780 1517 1871 1567 sed

143 1599 434 1650 humilibus
459 1607 667 1650 tantum
709 1598 1039 1649 consentiens
1082 1600 1402 1666 sequebatur
1426 1599 1664 1662 humilia,
1692 1600 1871 1650 simul-

145 1700 248 1750 que
298 1682 630 1734 considerans
678 1700 731 1732 se
797 1700 903 1732 non
951 1681 1144 1732 habere
1193 1681 1249 1732 in
1299 1683 1498 1732 mundo
1547 1683 1871 1734 mansionem

144 1774 459 1827 manentem,
504 1765 811 1832 inquirebat
844 1764 899 1814 in
926 1764 1068 1815 caelis
1094 1764 1345 1816 futuram.
1424 1765 1600 1818 Quam
1635 1774 1697 1817 ut
1721 1767 1872 1817 miles

147 1847 343 1899 Christi
382 1848 648 1911 emeritus,
675 1856 795 1916 post
844 1847 1015 1898 fidelis
1058 1848 1356 1898 certaminis
1400 1848 1558 1916 longa
1596 1849 1870 1912 curricula,

144 1940 488 2000 percepturus
512 1951 544 1982 a
561 1931 789 1993 Christo,
810 1939 872 1981 ut
895 1931 1210 1998 praedictum
1237 1938 1332 1994 est,
1354 1931 1599 1998 migravit
1623 1950 1653 1982 a
1677 1933 1870 1983 seculo.

215 2014 602 2066 Monasterium
640 2014 805 2082 igitur
854 2015 917 2064 de
963 2013 1116 2064 Bello
1165 2014 1334 2082 primo
1382 2014 1481 2064 hoc
1520 2014 1675 2065 modo
1725 2024 1871 2082 patre

143 2098 402 2161 orbatum,
455 2116 575 2149 cum
633 2099 832 2164 absque
886 2097 1091 2148 abbatis
1146 2098 1268 2165 jure
1329 2097 1558 2148 existere
1608 2099 1869 2165 nequiret,

143 2189 459 2232 memoratus
495 2181 592 2232 hac
632 2181 695 2232 de
741 2199 895 2232 causa
932 2199 1030 2231 rex
1064 2181 1385 2242 Willelmus,
1411 2181 1586 2247 magni
1620 2181 1870 2249 principis

146 2264 404 2316 Willelmi
440 2265 599 2326 filius,
638 2283 669 2315 a
699 2264 951 2316 fratribus
990 2264 1183 2326 aditur,
1225 2264 1430 2314 abbatis
1481 2264 1723 2314 decessus
1747 2264 1870 2314 inti-

142 2357 330 2411 matur,
371 2347 642 2399 electionis
681 2347 909 2416 propriae
936 2347 1219 2398 auctoritas
1243 2346 1510 2408 recitatur,
1558 2346 1728 2396 eidem
1754 2364 1870 2413 pas-

144 2440 309 2482 torem
334 2431 567 2482 ecclesiae
595 2432 756 2500 juxta
780 2449 1038 2481 canonum
1064 2438 1262 2480 statuta
1288 2448 1358 2479 ex
1384 2430 1565 2479 eadem
1590 2447 1869 2496 congrega-

141 2513 284 2565 tione
323 2514 576 2566 substitui
633 2513 830 2565 obnixe
890 2513 1233 2581 supplicatur.
1311 2512 1553 2579 Cumque
1602 2531 1699 2580 pro
1747 2522 1869 2564 voto

142 2597 286 2664 regia
312 2597 697 2664 suppeditasset
714 2596 1001 2663 responsio,
1027 2596 1359 2646 induciarum
1377 2595 1591 2645 interim
1617 2595 1868 2646 dilatione

142 2689 357 2730 eatenus
395 2679 720 2741 obnubilata,
747 2679 908 2746 regiae
953 2678 1281 2730 auctoritatis
1306 2686 1502 2728 terrore
1528 2678 1868 2746 ecclesiaeque

143 2762 452 2824 reverentia,
526 2761 628 2812 zeli
699 2761 1018 2829 conspiratio
1085 2761 1225 2829 regis
1294 2761 1537 2829 pluribus
1604 2761 1868 2812 intentum

144 2853 364 2913 occupat
411 2845 660 2907 animum,
710 2853 871 2912 atque
920 2863 951 2895 a
1000 2844 1294 2912 sponsionis
1343 2844 1616 2912 proposito
1654 2846 1868 2913 penitus

143 2928 338 2981 avellit.
413 2927 571 2979 Unde
611 2928 882 2995 aliquanto
919 2927 1129 2978 evoluto
1167 2935 1420 2994 tempore,
1464 2946 1563 2978 rex
1601 2936 1868 2978 assentan-

111 3011 284 3062 —tibus
317 3011 514 3074 favens,
559 3011 790 3062 ecclesiae
835 3010 1032 3061 Christi
1061 3010 1360 3061 Cantuariae
1403 3010 1631 3078 priorem
1673 3011 1869 3061 Henri-

145 3113 262 3145 cum
285 3095 514 3156 nomine,
541 3094 711 3146 virum
738 3094 952 3161 quidem
967 3093 1239 3160 religione,
1259 3093 1611 3160 benignitate,
1629 3111 1869 3144 mansue-

145 3177 342 3241 tudine,
370 3178 617 3245 omnique
637 3177 944 3228 moralitatis
963 3177 1159 3227 virtute
1185 3195 1243 3226 ac
1269 3177 1567 3226 litteratura
1588 3195 1869 3239 summum,

145 3260 314 3312 eidem
354 3261 669 3313 monasterio
696 3279 767 3311 ex
791 3260 1195 3310 reverentissimi
1223 3258 1464 3309 Anselmi
1490 3259 1868 3327 archiepiscopi

149 3344 365 3395 consilio
408 3346 653 3396 abbat-‘sm
694 3342 968 3410 delegavit.
1048 3343 1172 3395 Quo
1217 3351 1411 3392 eventu
1459 3342 1509 3392 vi
1560 3342 1678 3410 plus
1722 3343 1871 3410 justo

145 3427 334 3478 rationi
376 3429 714 3495 praevalente,
760 3427 1037 3478 inmodicae
1065 3426 1375 3476 calamitatis
1419 3426 1591 3476 eidem
1616 3426 1732 3477 loco
1758 3434 1871 3477 orta

151 3518 273 3560 sunt
298 3510 546 3561 fomenta.
