2398 4152
489 495 594 546 132
985 493 1277 543 *HISTORIA
1320 498 1736 542 FUNDATIONIS

215 638 314 671 Piece
328 639 368 670 of
382 638 466 670 land
485 627 626 695 regis
653 626 917 678 Willelmi
942 625 1100 695 primi
1129 624 1464 693 temporibus
1489 642 1520 674 a
1547 624 1779 692 quodam
1804 621 1976 674 milite
1995 620 2238 672 Osberno

215 681 269 713 for
283 680 444 721 building

216 732 371 754 amanse
385 731 467 753 near
487 711 690 763 scilicet
731 710 981 779 Hugonis
1019 710 1151 773 filio,
1193 710 1367 760 XXXta
1409 726 1552 759 acras
1591 707 1733 776 prati
1776 707 1922 776 apud
1965 704 2239 757 Bodeham

215 763 385 802 Bodham,

219 1995 303 2027 with
319 2005 339 2027 a
352 1994 446 2037 right

216 2038 255 2069 of
265 2047 348 2079 way.

488 795 625 847 datis
651 795 701 846 ei
730 795 1121 864 quinquaginta
1146 794 1328 845 solidis
1356 811 1701 862 comparasse.
1780 791 1926 846 Quia
1948 809 2073 842 vero
2097 790 2242 841 idem

485 888 700 949 pratum
724 879 1119 948 aliquantulum
1153 899 1184 930 a
1216 877 1535 929 monasterio
1562 886 1640 928 est
1671 884 1955 939 remotum,
1983 874 2240 944 expedire

486 965 659 1016 visum
701 973 798 1027 est,
844 972 907 1015 ut
947 963 1107 1014 alicui
1150 962 1393 1014 fidelium
1440 961 1534 1030 qui
1576 962 1634 1012 in
1671 961 1866 1013 vicinio
1911 959 2240 1028 mansionem

486 1049 725 1111 haberet,
768 1050 934 1118 ipsius
977 1048 1119 1117 prati
1158 1047 1581 1099 committeretur
1625 1045 1883 1098 custodia.
1962 1044 2070 1096 Sed
2114 1043 2242 1113 quia

488 1143 669 1186 tutum
711 1135 930 1185 minime
971 1133 1253 1184 videbatur
1295 1132 1431 1183 hanc
1482 1150 1662 1182 curam
1706 1129 1871 1182 alicui.
1908 1128 2240 1180 committere

491 1219 585 1288 qui
612 1219 676 1270 de
702 1217 1011 1269 monasterii
1042 1236 1152 1268 non
1186 1224 1326 1267 esset
1362 1215 1710 1284 possessione,
1735 1233 1834 1265 nec
1870 1213 1997 1282 quia
2028 1220 2242 1282 pratum

487 1304 623 1354 illud
643 1311 819 1354 totum
838 1303 895 1352 in
921 1302 1029 1352 udo
1055 1309 1151 1363 est,
1173 1301 1321 1352 locus
1345 1300 1540 1368 aliquis
1563 1299 1799 1369 patebat,
1817 1298 1911 1350 ubi
1938 1305 2244 1367 competens

487 1373 691 1438 mansio
731 1388 794 1438 ad
841 1386 1194 1437 habitandum
1241 1385 1298 1435 in
1341 1385 1458 1453 ipsa
1504 1383 1835 1453 possessione
1884 1382 2002 1433 fieri
2044 1390 2241 1451 posset,

486 1490 738 1542 processu
780 1471 1035 1539 temporis
1082 1488 1203 1521 cum
1246 1468 1418 1519 milite
1470 1468 1700 1535 quodam
1751 1467 1995 1518 Roberto
2040 1465 2246 1518 scilicet

489 1556 688 1619 Borne,
738 1555 796 1606 in
835 1555 1030 1606 vicinio
1079 1553 1221 1623 prati
1261 1553 1430 1621 ipsius
1479 1551 1795 1615 habitante,
1829 1555 2008 1602 actum
2058 1554 2270 1602 estut

488 1641 754 1710 quandam
790 1647 998 1709 partem
1035 1647 1194 1689 terrae
1233 1645 1386 1707 prato
1425 1636 1731 1704 contiguam
1772 1635 1836 1686 de
1867 1635 2111 1687 dominio
2145 1654 2243 1687 suo

488 1725 608 1777 Deo
635 1733 690 1776 et
712 1726 869 1777 beato
895 1723 1136 1775 Martino
1161 1723 1219 1774 in
1242 1723 1466 1773 liberam
1491 1731 1546 1772 et
1578 1729 1896 1790 perpetuam
1930 1720 2244 1772 concederet

486 1810 794 1862 monasterii
818 1808 1221 1879 possessionem.
1298 1806 1462 1858 Facta
1481 1814 1561 1857 est
1587 1824 1712 1874 ergo
1731 1804 1842 1857 illic
1869 1805 2078 1858 custodi
2103 1805 2243 1875 prati

487 1896 690 1947 mansio
717 1902 1023 1963 competens
1049 1894 1117 1944 ad
1140 1892 1565 1944 inhabitandum.

560 1981 804 2049 Rogatus
841 1979 1189 2030 nihilominus
1229 1978 1372 2028 idem
1397 1977 1674 2028 Robertus
1700 1976 1878 2028 Borne
1913 1995 1943 2027 a
1966 1975 2240 2041 fratribuS,

486 2065 625 2116 viam
651 2085 682 2116 a
705 2065 963 2134 praedicto
991 2071 1143 2133 prato
1171 2081 1452 2130 quousque
1479 2061 1706 2112 feudum
1731 2080 1888 2112 suum
1912 2080 2096 2113 versus
2117 2061 2244 2114 Bel-

485 2149 599 2201 lum
639 2150 957 2200 extenditur
996 2148 1271 2209 concessit,
1301 2166 1331 2198 a
1353 2155 1504 2215 patre
1544 2165 1640 2198 suo
1678 2145 1886 2215 pridem
1923 2165 2239 2212 concessam,

484 2254 582 2304 per
609 2253 770 2303 quam
790 2234 1002 2285 foenum
1032 2241 1087 2284 et
1126 2231 1231 2283 alia
1255 2231 1550 2282 necessaria
1575 2232 1640 2283 ab
1668 2232 1854 2282 eodem
1879 2239 2033 2300 prato
2070 2250 2242 2300 usque

487 2320 703 2372 Bellum
729 2320 888 2376 carris
916 2327 970 2370 et
993 2317 1253 2370 vehiculis
1288 2317 1742 2386 pertraherentur,
1772 2317 1988 2369 omnino
2021 2317 2241 2386 quidem

484 2406 725 2470 liberam,
780 2414 835 2456 et
884 2405 948 2455 ab
992 2403 1136 2454 omni
1185 2402 1414 2454 fratrum
1461 2402 1721 2453 heredum
1769 2421 1829 2453 ac
1879 2420 2243 2453 successorum

484 2509 703 2541 suorum
739 2488 1003 2541 calumnia
1029 2496 1294 2557 perpetuo
1337 2487 1591 2555 quietam.
1667 2485 1951 2537 Dederunt
1986 2495 2166 2538 autem
2191 2486 2243 2538 ei

483 2575 675 2626 fratres
725 2583 842 2625 tum
890 2592 988 2642 pro
1038 2581 1228 2623 mutua
1269 2571 1520 2622 beneficii
1568 2571 2077 2640 recompensatione,
2125 2581 2242 2624 tum

485 2659 779 2710 testimonii
805 2658 978 2709 futuri
1003 2657 1175 2726 gratia
1210 2675 1307 2707 sex
1334 2656 1549 2720 solidos,
1575 2664 1631 2707 et
1660 2655 1854 2724 caligas
1886 2656 2083 2708 ferreas
2110 2675 2241 2725 quas

486 2744 704 2812 quidam
729 2743 944 2812 proprie
973 2759 1151 2793 ocreas
1177 2741 1380 2804 dicunt,
1410 2740 1678 2792 auxilium
1704 2741 1907 2792 scilicet
1933 2760 2042 2810 quo
2071 2760 2242 2793 unum

484 2848 555 2880 ex
587 2828 843 2879 fratribus
874 2826 985 2878 suis
1020 2826 1231 2877 militiae
1262 2826 1567 2876 ascriberet.
1645 2825 1781 2877 Cum
1817 2844 1940 2877 vero
1973 2825 2243 2877 modicum

483 2921 641 2964 terrae
667 2913 809 2963 inter
854 2911 1204 2980 saepedictum
1240 2918 1455 2978 pratum
1495 2917 1550 2960 et
1589 2910 1868 2979 praefatam
1910 2910 2241 2962 mansionem

483 2998 741 3050 custodiae
768 2997 937 3066 ipsius
963 2996 1103 3065 prati
1130 2995 1454 3064 adquisitam
1479 3003 1705 3046 restaret
1729 2996 2065 3064 interjacenS,
2095 2996 2241 3064 quod

482 3082 700 3151 agendis
740 3081 983 3144 fratrum,
1011 3088 1074 3131 ut
1114 3099 1176 3131 ea
1210 3079 1430 3142 scilicet,
1465 3096 1587 3147 quae
1625 3079 1753 3130 illuc
1795 3079 1852 3130 in
1891 3098 2019 3130 usus
2054 3082 2239 3132 eorum
2312 3078 2328 3122 ᾗ

480 3167 693 3235 navigio
743 3166 1143 3217 advehebantur
1200 3164 1256 3214 in
1300 3154 1438 3215 sicco
1502 3163 1808 3215 collocanda
1854 3164 2238 3233 reciperentur,
2317 3231 2319 3234 Ι

480 3252 763 3304 videbatur
806 3250 1223 3311 accommodum„
1259 3249 1338 3299 vir
1383 3247 1704 3300 venerabilis
1744 3248 1905 3299 abbas
1939 3249 2237 3302 Walterius

479 3336 810 3387 antedictum
855 3336 1159 3387 Robertum
1202 3334 1381 3385 Borne
1434 3340 1488 3384 et
1533 3333 1707 3383 filium
1765 3333 1887 3401 ejus.
1934 3333 2237 3386 Radulfum
2307 3320 2311 3330 ἶ

480 3430 596 3473 tum
634 3439 730 3489 per
779 3439 832 3470 se
882 3428 999 3470 tum
1048 3438 1145 3487 per
1194 3437 1317 3469 suos
1356 3417 1689 3479 conveniens,
1732 3436 1852 3468 cum
1903 3417 1978 3468 eis
2024 3418 2135 3486 egit
2180 3427 2236 3470 et

479 3505 734 3567 obtinuit,
786 3513 848 3555 ut
899 3504 1349 3572 quemadmodum
1399 3502 1594 3553 dictam
1645 3502 1991 3565 mansionem,
2051 3503 2129 3555 ita
2178 3513 2234 3555 et
2318 3565 2321 3571 Α

476 3589 746 3640 modicum
794 3588 932 3639 illud
982 3597 1139 3639 terrae
1201 3588 1346 3656 quod
1397 3586 1570 3637 eidem
1632 3587 1907 3656 adjacebat
1966 3588 2118 3655 quasi
2168 3588 2244 3651 de¹
2310 3575 2323 3620 s

477 3674 713 3724 dominio
739 3692 835 3724 suo
864 3681 991 3736 erat,
1022 3669 1142 3724 Deo
1170 3680 1224 3723 et
1257 3672 1417 3723 beato
1445 3670 1685 3722 Martino
1727 3689 1825 3739 pro
1861 3690 1956 3722 sua
1992 3690 2233 3723 suorum·
2329 3653 2336 3663 ⁸
