2398 4152
649 475 1014 517 MONAs‘rERn
1059 475 1139 514 DE
1181 475 1385 516 BELLo.
1765 463 1866 514 139

146 599 424 663 Walterio,
456 599 535 651 vir
562 600 784 651 illustris
819 600 1080 652 Ricardus
1117 600 1180 650 de
1207 599 1341 651 Luci
1368 600 1532 650 frater
1556 600 1670 668 ejus
1695 616 1871 649 curam
1895 614 2110 696 ffeliffi‘iss}

147 684 332 734 domus
359 684 631 735 destitutae
657 684 824 753 coepit
847 684 1128 751 diligenter
1152 702 1322 750 agere,
1365 684 1695 751 fratrumque
1725 683 1874 733 deso·
1895 697 2070 744 guardian,

149 766 378 817 latorum
429 767 600 835 quieti
642 775 696 818 et
735 767 1080 818 consolationi
1123 768 1417 835 providere.
1495 766 1712 817 Nemini
1754 785 1876 817 vero
1895 742 2127 851 ἒξέῑῖἷὲἕᾳῗὶῗε

146 849 399 901 fratribus
422 851 597 901 minus
622 851 832 919 cognito
856 851 941 901 vel
965 859 1210 919 suspecto
1234 850 1403 901 voluit
1428 851 1613 901 domus
1640 850 1877 900 commit·
1897 829 2086 934 ἓξᾶὲἓοῗὲ

148 939 258 982 tere
307 934 747 1001 procurationem,
794 934 887 1001 qui
936 951 1118 983 eorum
1163 933 1345 1000 quavis
1391 933 1660 983 occasione
1699 941 1878 1001 posset

146 1017 454 1084 perturbare
491 1018 740 1084 quietem.
816 1016 986 1066 Erant
1023 1024 1200 1066 autem
1238 1017 1343 1066 duo
1368 1015 1539 1066 fidelis
1576 1015 1876 1083 prudentiae

149 1099 248 1150 viri
282 1100 339 1150 in
379 1101 547 1168 burgo
581 1101 646 1151 de
673 1098 826 1150 Bello
851 1118 962 1167 prae
988 1099 1194 1150 foribus
1228 1099 1532 1149 monasterii
1556 1098 1878 1149 mansionem

149 1182 420 1245 habentes,
461 1184 652 1234 Petrus
677 1182 878 1233 scilicet
902 1183 966 1233 de
995 1182 1136 1233 Criel
1164 1182 1315 1233 miles
1341 1191 1396 1232 et
1422 1180 1586 1249 Hugo
1613 1182 1677 1232 de
1705 1181 1879 1232 Beche

151 1267 246 1334 qui
285 1286 355 1318 ex
392 1267 782 1317 habitationum
808 1283 1020 1316 suarum
1046 1265 1314 1316 vicinitate
1342 1266 1407 1316 ab
1434 1265 1561 1333 ipsis
1585 1265 1696 1315 fere
1723 1283 1882 1316 cuna-

150 1349 289 1401 bulis
313 1350 620 1418 frequentes
661 1349 940 1400 habebunt
981 1349 1047 1399 ad
1088 1349 1278 1400 fratres
1313 1367 1565 1411 accessus,
1611 1350 1667 1399 in
1701 1348 1883 1399 multis

155 1433 369 1501 agendis
409 1433 644 1484 ecclesiae
680 1432 863 1483 fideles
897 1431 1117 1495 inventi,
1154 1441 1208 1482 et
1242 1432 1363 1483 ideo
1396 1433 1535 1483 inter
1560 1432 1754 1482 amicos
1779 1432 1883 1482 fra-

153 1525 294 1567 trum
319 1517 473 1567 amici
510 1515 919 1567 familiarissimi.
994 1515 1188 1566 Virum
1211 1515 1474 1566 illustrem
1500 1516 1791 1567 Ricardum
1818 1516 1883 1565 de

154 1599 289 1650 Luci
327 1618 486 1669 super
514 1600 596 1651 his
629 1617 737 1650 non
760 1599 936 1661 latuit,
966 1598 1164 1667 quippe
1192 1617 1312 1650 cum
1338 1600 1615 1650 amborum
1639 1599 1885 1649 notitiam

150 1683 468 1751 jampridem
490 1683 779 1745 habuisset,
810 1682 1059 1749 quoniam
1083 1681 1244 1732 fratre
1271 1700 1367 1733 suo
1393 1681 1655 1733 Walterio
1692 1682 1884 1732 abbate

155 1766 456 1834 superstite,
513 1767 653 1818 inter
698 1766 896 1835 primos
944 1765 1043 1816 sibi
1094 1765 1511 1816 ministrantium
1558 1766 1887 1816 habebantur

159 1850 334 1918 primi.
411 1850 515 1901 His
559 1850 742 1918 itaque
784 1850 847 1900 de
888 1849 1135 1900 mandato
1183 1867 1277 1899 suo
1327 1849 1393 1899 ad
1436 1867 1489 1899 se
1531 1848 1886 1911 venientibus,

158 1933 323 1984 totius
362 1933 668 1985 monasterii
707 1951 887 1983 curam
929 1932 987 1982 in
1024 1932 1345 1983 secularibus
1385 1932 1662 1993 commisit,
1702 1932 1889 1999 praeci-

156 2016 307 2085 piens
346 2025 409 2068 ut
431 2016 683 2068 fratribus
717 2016 773 2066 in
809 2015 1114 2066 necessariis
1138 2015 1308 2066 victus
1345 2023 1399 2066 et
1423 2017 1645 2066 vestitus
1669 2016 1889 2066 honeste

158 2100 510 2169 providerent,
549 2099 870 2168 reparationi
920 2099 1198 2149 domorum
1238 2099 1295 2149 in
1345 2099 1540 2167 quibus
1582 2099 1771 2150 fratres
1819 2118 1890 2150 ex

159 2184 388 2251 regulari
437 2182 818 2235 consuetudine
868 2182 1060 2233 cotidie
1106 2183 1443 2244 conveniunt,
1503 2201 1624 2233 cum
1667 2182 1891 2233 officinis

161 2267 277 2318 aliis
311 2267 535 2318 fratrum
574 2267 759 2317 usibus
792 2265 1096 2316 necessariis
1140 2265 1495 2327 intenderent,
1541 2265 1892 2316 servientibus

161 2369 372 2418 quoque
400 2352 493 2419 qui
532 2351 588 2401 in
626 2369 809 2401 eorum
847 2349 1114 2400 communi
1150 2349 1605 2400 administratione
1644 2357 1809 2411 erant,
1839 2357 1894 2399 et

161 2434 272 2485 sine
295 2434 488 2503 quibus
508 2453 618 2485 esse
637 2452 744 2484 non
760 2442 1023 2501 poterant,
1040 2451 1267 2500 congrue
1285 2433 1663 2501 prospicerent.
1717 2432 1894 2484 Susci-

161 2517 367 2586 pientes
410 2516 467 2567 hi
501 2518 606 2568 duo
639 2517 739 2567 viri
777 2515 1162 2584 procurationis
1199 2516 1432 2566 officium
1458 2535 1577 2566 cum
1602 2524 1750 2567 tanta
1775 2516 1895 2567 dili-

163 2600 343 2668 gentia
383 2620 480 2669 per
518 2601 636 2651 iiii⁰r
677 2618 840 2651 annos
884 2599 1078 2667 quibus
1118 2600 1337 2649 vacabat
1378 2599 1597 2649 ecclesia
1637 2599 1894 2650 fratribus

164 2683 613 2746 ministraverunt,
638 2691 702 2734 ut
724 2683 933 2734 nullum
957 2682 1171 2750 penitus
1196 2683 1465 2734 defectum
1500 2702 1595 2733 seu
1618 2683 1895 2751 penuriam

164 2766 222 2817 in
259 2767 341 2818 his
377 2783 499 2835 quae
534 2767 601 2817 ad
622 2766 823 2818 victum
860 2766 1098 2834 ipsorum
1123 2773 1284 2833 atque
1312 2765 1562 2817 vestitum
1585 2767 1899 2833 regulariter

165 2857 220 2900 et
256 2849 762 2902 consuetudinaliter
792 2849 1134 2918 pertinebant
1168 2868 1238 2900 ex
1274 2858 1584 2918 contemptu
1612 2850 1697 2900 vel
1732 2850 1899 2918 negli-

166 2933 345 3000 gentia
391 2932 790 3002 procurantium
845 2932 1184 2983 sustinerent.
1282 2932 1500 2984 Nullam
1550 2933 1770 2984 ecclesia
1816 2934 1899 2984 his

168 3016 350 3067 diebus
390 3016 664 3084 dignitatis
697 3016 1024 3067 libertatisve
1052 3032 1162 3066 suae
1189 3016 1446 3067 sustinuit
1471 3016 1898 3079 diminutionem,

169 3101 366 3151 nullam
393 3100 805 3152 adversariorum
830 3099 1302 3167 impugnationem,
1344 3099 1632 3150 scientibus
1656 3100 1902 3149 omnibus

171 3185 338 3235 virum
363 3184 625 3235 illustrem
651 3183 942 3234 Ricardum
966 3184 1029 3233 de
1049 3182 1185 3233 Luci
1204 3183 1372 3250 ipsius
1396 3201 1506 3233 esse
1529 3191 1900 3250 protectorem,

173 3267 266 3335 qui
301 3286 372 3318 ex
407 3286 610 3318 summa
651 3284 756 3333 qua
789 3273 911 3333 post
950 3266 1221 3316 dominum
1258 3284 1437 3333 regem
1463 3266 1787 3333 fungebatur
1809 3285 1903 3333 po-

173 3358 379 3414 testate,
422 3350 687 3418 quoslibet
734 3349 791 3399 in
839 3349 1007 3416 ipsam
1055 3348 1326 3415 insurgere
1371 3349 1649 3399 molientes
1696 3358 1906 3417 poterat

174 3434 473 3502 reprimere.
550 3432 733 3484 Inerat
771 3450 1001 3499 namque
1029 3431 1077 3481 ei
1102 3432 1167 3481 ad
1193 3432 1525 3500 expedienda
1548 3432 1715 3501 ipsius
1742 3433 1907 3483 eccle-

175 3516 266 3567 siae
303 3517 517 3585 negotia
559 3514 883 3582 emergentia
906 3514 1148 3565 voluntas
1189 3523 1297 3564 tam
1340 3523 1564 3583 promta,
1601 3524 1748 3567 tanta
1788 3516 1908 3566 dili-

173 3599 364 3665 gentia,
406 3608 468 3651 ut
507 3600 564 3650 in
605 3599 734 3668 ipsis
775 3597 1119 3666 expediendis
1159 3616 1367 3648 omnem
1407 3599 1700 3650 abscideret
1735 3599 1910 3650 dilati-
