2398 4152
498 463 603 515 106
887 456 891 461 ’
984 474 1267 517 HISTORIA
1313 475 1727 518 FUNDATIONIS

488 607 744 669 reputans
789 617 858 651 ne
908 600 1048 651 forte
1089 599 1230 651 mala
1267 599 1466 651 exinde
1510 600 1811 652 traheretur
1851 599 2254 669 consequentia,

482 686 705 754 jamque
731 703 794 736 ea
819 703 941 753 quae
966 684 1111 735 idem
1147 683 1304 735 fundi
1345 683 1594 735 dominus
1632 684 1944 753 frequenter
1983 684 2255 754 exigebat,

485 770 693 822 fructus
719 788 751 820 a
782 769 1043 839 jamdicta
1084 776 1225 821 terra
1261 768 1580 838 proveniens
1619 768 1930 822 viderentur
1972 769 2253 834 excedere,

485 855 650 906 abbas
674 873 892 906 manum
912 853 1129 906 omnino
1153 852 1402 916 retraxit,
1423 872 1522 904 nec
1547 867 1604 904 se
1630 853 1695 906 de
1721 861 1916 906 caetero
1941 853 2254 923 hujusmodi

484 939 865 992 vexationibus
912 947 968 991 et
1016 937 1392 991 exactionibus
1440 938 1578 990 velle
1623 939 1898 1008 subjacere
1949 946 2255 990 constanter

209 1037 461 1115 ffffl‘ss‘ssfflnt
485 1025 727 1078 asseruit.
826 1023 1062 1077 Cernens
1114 1023 1258 1076 idem
1311 1031 1530 1076 exactor
1587 1042 1643 1075 se
1694 1024 1924 1093 quaesita
1963 1042 2062 1093 pro
2115 1022 2253 1094 velle

209 1091 391 1196 ιὲαξῑέἓωᾱ
405 1124 445 1157 of
483 1110 696 1180 assequi
719 1129 827 1162 non
851 1128 1026 1179 posse,
1054 1117 1226 1161 totam
1250 1108 1532 1179 praefatam
1564 1109 1970 1178 possessionem,
2016 1109 2169 1179 quasi
2192 1109 2252 1161 in

339 1176 392 1207 μ’
474 1196 567 1265 jus
608 1214 767 1247 suum
808 1194 1075 1263 redigens,
1113 1193 1351 1246 ecclesiae
1393 1194 1458 1245 de
1503 1193 1660 1245 Bello
1702 1194 1985 1258 subduxit,
2025 1212 2251 1263 eamque

480 1280 693 1332 cuidam
717 1279 1165 1348 Hastingensium
1184 1277 1421 1330 Siwardo
1445 1278 1662 1330 nomine
1681 1278 1857 1347 Sigari
1880 1278 2013 1342 filio,
2035 1286 2252 1348 accepta

474 1365 542 1416 ab
569 1384 632 1416 eo
657 1365 905 1433 pecunia,
930 1364 989 1415 in
1028 1363 1391 1416 vadimonium
1431 1362 1669 1415 tradidit.
1748 1362 1866 1415 Hac
1906 1363 2092 1432 itaque
2133 1361 2248 1414 vio-

475 1449 644 1501 lentia
670 1449 896 1518 spoliata
921 1457 1004 1500 est
1032 1448 1254 1500 ecclesia
1295 1466 1406 1499 non
1443 1455 1657 1499 tantum
1698 1455 1841 1499 terra
1879 1448 2013 1517 ipsa,
2059 1447 2153 1499 sed
2189 1456 2245 1498 et

475 1534 744 1603 expensis,
773 1541 829 1585 et
865 1533 1114 1585 omnibus
1140 1549 1265 1602 quae
1308 1541 1437 1584 tunc
1477 1532 1734 1601 temporis
1772 1532 1831 1583 in
1872 1532 1990 1601 ipsa
2029 1540 2242 1601 reperta

474 1626 617 1670 sunt.
695 1617 862 1671 Quod
904 1636 1027 1669 cum
1067 1618 1194 1669 satis
1238 1634 1379 1686 aegre
1421 1616 1584 1668 abbas
1624 1626 1680 1690 et
1720 1617 1837 1685 ejus
1875 1624 2246 1686 procuratores

471 1702 818 1772 accepissent,
872 1710 929 1754 et
968 1702 1094 1754 hinc
1121 1721 1354 1771 ,magnas
1390 1720 1450 1754 ac
1490 1701 1837 1753 multimodas
1884 1701 2248 1771 querimonias

469 1788 776 1851 movissent,
804 1787 1020 1839 domino
1056 1806 1182 1856 rege
1211 1786 1451 1839 Henrico
1486 1785 1545 1837 in
1587 1786 1956 1838 transmarinis
2000 1785 2244 1855 partibus

471 1873 557 1929 ab,
586 1873 685 1924 hac
734 1872 844 1924 vita
886 1873 1177 1935 subtractO,
1227 1871 1434 1923 nullam
1479 1870 1621 1941 juris
1694 1871 1778 1922 sui
1837 1871 2240 1923 restitutionem

467 1957 665 2009 habere
690 1965 1005 2026 potuerunt.
1084 1956 1418 2009 Succedente
1443 1975 1568 2024 rege
1597 1954 1893 2026 Stephano,
1923 1958 2077 2027 cujus
2103 1943 2238 2008 tem-

468 2042 690 2111 poribus
708 2042 925 2112 justitia
959 2042 1139 2094 minus
1176 2042 1521 2112 praevalente,
1561 2041 1656 2110 qui
1704 2041 1828 2111 plus
1865 2050 2080 2111 poterat
2114 2042 2239 2112 plus

469 2126 718 2190 faciebat,
746 2126 928 2195 sicque
954 2126 1228 2178 interdum
1248 2126 1473 2179 cedebat
1489 2125 1785 2194 unicuique
1810 2146 1908 2196 pro
1927 2127 2069 2196 jure,
2093 2127 2240 2196 quod

472 2229 692 2279 quoquo
716 2213 876 2263 modo
904 2212 1231 2282 diripuisset,
1261 2211 1483 2264 ecclesia
1511 2211 1679 2262 sancti
1705 2211 1935 2263 Martini
1974 2212 2039 2264 de
2080 2211 2237 2265 Bello

468 2314 577 2347 non
600 2296 759 2348 modo
784 2297 1105 2366 praedictum
1130 2305 1500 2348 tenementum
1536 2298 1602 2349 de
1641 2296 2006 2362 Bernehorne,
2049 2297 2144 2349 sed
2181 2306 2237 2350 et

468 2380 573 2432 alia
619 2381 950 2450 perplurima
1001 2382 1087 2433 sui
1129 2382 1269 2452 juris
1325 2381 1588 2433 violenter
1651 2381 1863 2433 sublata
1918 2401 2234 2452 recuperare

466 2465 730 2534 nequivit,
756 2466 885 2517 licet
907 2466 1221 2535 frequenter
1244 2466 1370 2517 inde
1394 2474 1699 2518 moveretur
1726 2466 2044 2537 calumpnia.

195 2562 293 2596 After
305 2562 403 2594 fruit-
541 2550 872 2602 Succedente
909 2559 1031 2621 post
1070 2551 1347 2602 decessum
1386 2550 1527 2619 regis
1574 2550 1836 2620 Stephani
1875 2551 2065 2603 inclito
2104 2571 2229 2622 rege

193 2605 261 2637 less
277 2605 394 2636 efforts

193 2647 416 2729 'viffissrrgirgfis
467 2636 726 2701 Henrico,
746 2636 938 2706 prioris
960 2636 1185 2688 Henrici
1210 2644 1426 2706 nepote,
1457 2636 1552 2706 qui
1577 2636 1718 2688 avita
1743 2644 1987 2706 tempora
2009 2656 2230 2691 renova-

418 2712 427 2728 ,

193 2731 328 2804 &323
343 2772 405 2804 ob„
462 2730 563 2786 ret,
590 2740 712 2773 cum
721 2721 1152 2791 jamWarnerius
1177 2722 1339 2773 abbas
1355 2721 1617 2786 cessisset,
1637 2721 1796 2790 eique
1816 2722 1896 2773 vir
1910 2723 2229 2775 venerabilis

192 2814 320 2887 313³ss
333 2812 427 2887 {1132305-
463 2807 626 2858 abbas
644 2806 922 2858 Walterus
947 2805 1300 2870 successisset,
1322 2806 1467 2857 idem
1500 2807 1663 2858 abbas
1678 2806 1956 2859 Walterus
1978 2827 2087 2877 quo
2115 2808 2228 2877 regi

192 2897 311 2980 {3222}
324 2897 413 2972 {ff-¹1¹
462 2890 739 2942 familiaris
764 2891 921 2942 fieret
946 2890 1201 2954 obtinuit,
1243 2891 1428 2960 sicque
1455 2910 1633 2942 coram
1670 2910 1733 2942 eo
1769 2910 1931 2960 super
1963 2893 2225 2962 jamdicto

463 2984 772 3029 tenemento
832 2976 898 3028 de
958 2975 1321 3039 Bernehorne,
1386 2976 1776 3044 querimoniam
1834 2977 2018 3030 movit.
2095 2977 2225 3030 Rex

460 3063 629 3132 igitur
663 3063 729 3114 ad
762 3061 972 3114 abbatis
1007 3060 1318 3120 instantiam
1355 3060 1549 3112 litteris
1585 3061 1695 3112 suis
1721 3061 1756 3112 J
1758 3061 1955 3112 ohanni
1981 3070 2110 3114 tunc
2136 3081 2226 3114 co-

461 3147 583 3199 miti
633 3146 783 3215 Augi
825 3145 1191 3215 praecipiendo
1233 3145 1524 3210 mandavit,
1570 3154 1635 3197 ut
1683 3146 1865 3198 abbati
1916 3146 2224 3216 supradicto

461 3242 769 3285 tenemento
817 3232 1040 3302 plenum
1086 3239 1295 3283 rectum
1345 3239 1572 3296 teneret,
1624 3241 1719 3283 aut
1758 3232 1802 3283 si
1845 3225 1955 3283 non
1998 3233 2219 3297 faceret,

460 3319 754 3370 vicecomes
783 3316 1056 3369 Sussexiae
1097 3316 1198 3367 hoc
1235 3316 1452 3378 faceret,
1492 3335 1561 3367 ne
1587 3335 1687 3367 rex
1713 3316 1836 3368 inde
1864 3317 2094 3386 amplius
2117 3317 2222 3369 clae

460 3420 663 3454 morem
711 3402 938 3454 audiret.
1027 3401 1340 3452 Gilebertus
1389 3419 1513 3452 vero
1574 3402 1640 3453 de
1691 3401 1907 3465 Baillol,
1945 3403 2040 3471 qui
2089 3411 2220 3455 tunc

460 3487 715 3556 temporis
741 3487 989 3538 dominus
1014 3485 1170 3538 fundi
1189 3485 1508 3550 videbatur,¹
1537 3504 1699 3556 super
1716 3486 1818 3538 hoc
1834 3487 2020 3539 multis
2045 3487 2218 3540 modis

518 3653 531 3679 ¹
563 3651 632 3694 He
659 3652 759 3695 held
780 3652 900 3695 three
920 3652 1110 3709 knights?
1131 3652 1220 3695 sees
1241 3653 1290 3695 of
1305 3652 1420 3695 John
1444 3652 1545 3695 Earl
1567 3653 1615 3695 of
1632 3653 1714 3696 Eu.
1778 3653 1872 3697 Lib.
1897 3653 1942 3696 N
1946 3653 2002 3710 ig.
2024 3653 2053 3698 i.
2078 3657 2149 3698 66.
