2398 4152
656 410 1015 452 MONAs'ran
1059 411 1137 450 DF:
1180 410 1385 451 BELLo.
1814 402 1880 451 29

156 554 274 587 meo
317 536 517 600 aufero,
545 544 600 587 et
631 536 821 587 animae
839 532 978 586 'meae
1003 535 1232 586 confero.
1309 535 1433 589 Qua
1457 536 1521 586 de
1551 537 1657 598 re,'’
1698 536 1891 604 inquit,

162 619 258 670 “si
277 638 466 688 corpus
490 619 625 671 illud
648 619 817 670 libere
853 628 911 669 et
951 618 1131 687 quiete
1172 627 1351 669 tenere
1390 620 1686 688 praevaluit,
1724 619 1894 670 multo

161 702 371 770 dignius
396 710 493 766 est,
521 711 584 754 ut
607 702 798 763 anima,
827 718 949 770 quae
975 702 1162 753 melior
1185 720 1303 770 pars
1333 703 1561 754 hominis
1588 711 1683 766 est,
1709 703 1809 754 hoc
1847 702 1890 752 si

158 785 275 836 fieri
299 794 491 854 potest,
518 785 738 837 liberius
762 794 927 852 atque
955 785 1190 852 quietius
1215 786 1533 852 possideat.”

233 868 414 937 Hujus
439 869 619 937 itaque
643 868 882 930 manerii,
910 869 975 919 ab
1018 868 1355 934 antiquitate,
1381 869 1495 919 haec
1538 885 1649 937 prae
1688 870 1894 920 caeteris

159 950 387 1017 dignitas
434 969 640 1020 semper
688 949 888 1012 extitit,
939 958 1002 1000 ut
1049 968 1170 1000 cum
1218 969 1313 1001 suo
1361 951 1636 1002 huffledo
1692 952 1881 1019 viginti

164 1034 372 1084 duobus
395 1033 683 1084 hundredis
708 1041 762 1083 et
787 1032 1006 1083 dimidio
1046 1033 1111 1082 ad
1145 1051 1354 1083 socnam
1396 1033 1541 1092 illius
1579 1034 1895 1102 pertinenti-

164 1117 262 1167 bus
286 1125 552 1184 praeesset.
628 1115 713 1166 De
741 1115 937 1184 quibus
962 1115 1206 1166 omnibus
1233 1116 1480 1183 quotiens
1521 1117 1587 1167 ad
1612 1117 1891 1167 comitatus

163 1200 249 1251 vel
273 1200 339 1251 ad
362 1200 487 1251 alias
512 1198 973 1250 consuetudinales
1016 1198 1351 1249 collectiones
1377 1199 1654 1250 convenire
1682 1200 1894 1262 debent,

165 1284 452 1335 vicecomes
478 1283 542 1334 de
571 1281 745 1334 Chent
781 1281 1069 1350 praeposito
1113 1282 1176 1332 de
1203 1282 1314 1345 Wi,
1360 1282 1443 1333 vel
1482 1283 1725 1333 ministro
1763 1284 1895 1352 ejus,

165 1367 280 1418 loco
321 1376 375 1418 et
415 1365 639 1416 termino
680 1365 966 1433 designato,
1003 1365 1194 1415 litteris
1237 1365 1345 1416 suis
1385 1365 1627 1432 sigillatis
1653 1366 1898 1416 mandare

166 1451 343 1512 debet,
406 1458 461 1500 et
527 1449 640 1517 ipse
702 1450 891 1500 deinde
970 1450 1475 1501 consuetudinaliter
1548 1468 1896 1501 summonere.

169 1533 383 1586 Quibus
409 1532 660 1596 collectis,
689 1533 752 1584 de
793 1533 1036 1584 omnibus
1073 1533 1280 1601 placitis
1307 1541 1361 1583 et
1391 1533 1739 1584 forisfacturis
1763 1550 1899 1601 prae-

167 1615 429 1666 dictorum
475 1615 871 1666 hundredorum
913 1616 1232 1684 praepositus
1281 1617 1345 1666 de
1387 1615 1498 1677 Wi,
1538 1615 1620 1666 vel
1662 1616 1901 1666 minister

168 1700 282 1767 ejus
306 1698 602 1749 vadimonia
624 1699 865 1768 accipiet,
893 1708 947 1750 et
973 1700 1104 1750 duos
1130 1699 1368 1750 denarios
1406 1698 1665 1750 similiter.
1742 1699 1900 1750 Hun-

169 1782 390 1832 dredum
415 1801 538 1833 vero
574 1781 639 1833 de
673 1782 767 1832 Wi
793 1782 1020 1833 liberum
1046 1790 1127 1833 est
1164 1792 1218 1833 et
1243 1782 1486 1849 quietum
1505 1791 1723 1850 propter
1746 1782 1900 1832 istam

169 1865 633 1916 summonitionem
658 1866 723 1915 ab
758 1866 899 1915 omni
938 1865 1337 1926 consuetudine,
1365 1874 1419 1915 et
1439 1865 1577 1915 sicut
1603 1865 1730 1916 olim
1768 1866 1899 1933 regi,

168 1949 244 1999 ita
267 1967 408 1999 nunc
434 1948 668 2000 ecclesiae
693 1949 860 1999 sancti
900 1947 1123 1999 Martini
1149 1949 1213 1998 de
1254 1947 1426 2009 Bello,
1471 1948 1746 2016 proprium
1784 1968 1902 2017 per-

171 2041 364 2083 manet.

241 2115 779 2167 Consuetudinaliter¹
805 2124 982 2167 autem
1021 2134 1116 2184 per
1151 2123 1316 2166 totam
1343 2115 1595 2184 Angliam
1618 2135 1732 2167 mos
1768 2115 1905 2167 anti-

173 2199 355 2268 quitus
379 2218 475 2267 pro
518 2199 633 2266 lege
672 2199 979 2261 inoleverat,
1008 2199 1227 2250 comites
1268 2199 1656 2266 provinciarum
1685 2199 1905 2250 tertium

173 2282 446 2333 denarium
470 2282 572 2332 sibi
606 2282 887 2350 optinere.2
961 2283 1094 2333 Inde
1140 2282 1280 2333 enim
1320 2282 1536 2332 comites
1577 2282 1904 2333 dicebantur.

175 2365 331 2417 Unde
368 2366 492 2432 quia
516 2373 642 2416 tunc
685 2365 932 2433 episcopo
958 2364 1238 2420 Baiocensi
1280 2364 1474 2425 Odoni,
1516 2365 1667 2416 fratri
1709 2366 1909 2417 scilicet

176 2467 289 2511 suo,
333 2467 432 2499 rex
497 2447 701 2499 Cantiae
741 2449 1050 2499 comitatum
1100 2456 1274 2499 totum
1324 2448 1540 2499 dederat
1581 2448 1808 2499 liberum
1855 2458 1909 2499 et

176 2539 516 2593 concesserat,
542 2532 728 2583 iccirco
754 2531 991 2582 ecclesiae
1017 2548 1127 2582 suae
1155 2533 1218 2582 de
1245 2531 1400 2581 Bello
1435 2532 1583 2593 duos,
1625 2551 1757 2599 quos
1795 2532 1907 2599 ipse

177 2614 406 2664 habebat
428 2613 484 2664 in
509 2614 741 2665 dominio
759 2633 871 2675 suo,
901 2615 1139 2666 denarios
1165 2614 1329 2676 dedit,
1358 2614 1533 2676 tertio,
1560 2615 1625 2665 ab
1663 2615 1908 2683 episcopo

179 2697 265 2748 cui
290 2697 570 2748 comitatus
595 2706 837 2760 cesserat,
866 2706 1091 2750 retento.
1170 2698 1497 2749 Succedente
1523 2716 1646 2748 vero
1672 2707 1908 2766 tempore

177 2789 457 2849 postquam
489 2782 774 2850 praedictus
815 2782 1092 2850 episcopus
1117 2781 1345 2850 propriis
1382 2780 1689 2832 infortuniis
1727 2783 1911 2832 subac-

178 2873 264 2915 tus
303 2865 609 2917 comitatum
651 2866 965 2934 praedictum
1008 2866 1224 2927 amisit,3
1261 2865 1401 2915 idem
1441 2865 1630 2916 tertius
1669 2865 1910 2916 denarius

179 2949 235 3000 in
259 2949 555 3001 redditibus
578 2949 736 3017 regiis
761 2956 1096 3017 computatus
1121 2948 1388 2999 remansit.

247 3033 312 3084 In
332 3033 725 3101 Dengemareis,
747 3034 892 3101 quod
917 3041 996 3083 est
1020 3051 1189 3083 unum
1213 3032 1507 3082 membrum
1527 3032 1591 3081 de
1612 3031 1723 3093 Wi,
1752 3033 1909 3081 4con-
1931 3049 2121 3098 omqnge„

181 3117 336 3168 cessit
374 3126 429 3168 et
469 3117 617 3168 dedit
657 3117 798 3167 idem
837 3116 1030 3167 nobilis
1070 3135 1166 3166 rex
1192 3115 1498 3166 Willelmus
1542 3132 1720 3165 omnes
1757 3115 1912 3165 mari·
1931 3100 2063 3123 mam*

242 3262 255 3288 ¹
279 3261 424 3305 “Not.
461 3262 514 3305 de
544 3262 708 3304 duobus
737 3262 919 3303 denariis
952 3262 1004 3303 de
1091 3261 1164 3302 the
1209 3260 1496 3301 Government
1536 3257 1584 3298 of
1628 3256 1701 3297 the
1752 3256 1912 3312 Anglo-

185 3319 335 3375 quibus
369 3328 493 3362 cartae
524 3327 677 3361 nostrae
709 3319 869 3361 faciunt
889 3333 1007 3360 men-
1091 3318 1268 3369 Saxons,
1291 3331 1333 3371 p.
1357 3318 1454 3357 106.
1516 3313 1649 3356 Lond.
1670 3316 1794 3355 1818.

187 3375 390 3441 tionem.'’
433 3378 463 3420 f.
495 3379 562 3430 26,
599 3377 641 3420 b.
705 3376 821 3418 Note
856 3376 897 3417 in
933 3375 1006 3417 the
1114 3432 1121 3439 ·
1154 3374 1170 3398 ³
1197 3373 1318 3415 Will.
1338 3373 1385 3414 of
1411 3371 1701 3427 Malmesbury
1732 3371 1784 3412 de
1805 3371 1914 3413 Ges-

188 3447 364 3489 margm’
1091 3438 1163 3512 tls}
1181 3431 1360 3529 Igeeffitffe
1391 3486 1553 3527 charter
1575 3486 1618 3528 in
1639 3484 1711 3526 the
1742 3486 1914 3527 Monas-

242 3547 259 3570 ²
287 3548 366 3590 See
388 3547 644 3604 Heywood’s
659 3547 940 3590 Dissertation
954 3561 1007 3589 on
1090 3545 1220 3597 ticon,
1236 3544 1293 3586 ib.
1315 3559 1356 3600 p.
1375 3544 1472 3587 317.
