2398 4152
499 432 602 486 108
993 449 1275 490 HISTORIA
1317 448 1731 492 FUNDATIONIS

222 594 403 636 01130050„
414 599 451 628 to
492 572 944 640 praedecessorum
971 590 1190 624 suorum
1216 573 1546 644 cyrographa
1569 574 1795 639 audisse,
1818 575 1910 626 sed
1934 574 2084 626 nulla
2108 573 2255 643 sigil-

222 639 455 720 ἕξῗιῑῖῗὲἆῗγ
492 656 668 707 lorum
693 656 999 707 testimonia
1036 657 1096 708 in
1121 657 1197 709 eis
1224 676 1278 709 se
1304 677 1539 727 appensa
1565 668 1812 711 causatur
1835 659 2033 712 videre.
2074 659 2255 713 Quem

220 722 420 796 ffirssfflkss‘it’
492 742 711 793 intuens
735 742 817 795 vir
840 742 1153 811 magnificus
1180 762 1239 794 ac
1264 744 1501 812 prudens
1527 744 1793 796 Ricardus
1831 745 1896 796 de
1923 744 2061 796 Luci
2084 744 2256 814 ipsius

221 805 269 880 ἓξ
282 806 438 881 giffard
493 826 703 878 abbatis
746 826 929 891 frater,
977 836 1104 879 tunc
1152 827 1354 879 domini
1393 829 1534 897 regis
1566 829 1789 899 justicia
1826 829 2015 898 prima,
2059 827 2258 898 quaerit

492 918 675 962 utrum
715 910 831 980 ipse
874 911 1112 980 sigillum
1149 911 1360 964 habeat.
1439 913 1566 967 Quo
1610 922 1880 965 asserente
1918 932 1973 965 se
2018 912 2255 981 sigillum

491 994 706 1060 habere,
735 996 1017 1048 subridens
1042 997 1122 1048 vir
1147 997 1389 1062 illustriS,
1418 1002 1453 1025 ‘⁶
1475 998 1701 1062 MoriS,”
1726 998 1926 1067 inquit,
1955 1003 1990 1027 ‘⁶
2017 998 2254 1068 antiqui-

488 1089 580 1132 tus
619 1099 731 1132 non
773 1089 887 1133 erat
930 1075 1226 1150 quemlibet
1267 1082 1566 1134 militulum
1592 1083 1828 1152 sigillum
1867 1083 2080 1147 habere,
2110 1083 2256 1153 quod

490 1166 707 1234 regibus
751 1176 808 1218 et
848 1167 1137 1236 praecipuis
1163 1175 1375 1219 tantum
1410 1168 1671 1238 competit
1703 1169 1963 1238 personis,
1990 1167 2088 1220 nec
2114 1168 2253 1220 anti-

491 1270 721 1320 quorum
756 1252 1086 1321 temporibus
1110 1252 1354 1305 homines
1381 1262 1445 1305 ut
1476 1273 1620 1305 nunc
1652 1252 1947 1306 causidicos
1972 1253 2058 1305 vel
2081 1253 2253 1305 incre-

489 1336 644 1389 dulos
668 1337 872 1396 malitia
886 1337 1193 1390 reddebat.’'
1233 1337 1478 1406 Cumque
1503 1338 1894 1390 confirmationi
1920 1337 2146 1389 Henrici
2170 1357 2252 1390 re-

486 1421 569 1489 gis
591 1422 814 1473 senioris
841 1423 1198 1491 calumpniam
1225 1423 1491 1474 niteretur
1515 1423 1714 1474 inferre
1740 1423 1885 1474 idem
1911 1422 2245 1486 Gilebertus,

486 1525 723 1558 asserens
753 1508 1003 1559 abbatem
1036 1516 1092 1559 et
1124 1507 1411 1559 monachos
1437 1508 1653 1559 domino
1678 1506 1792 1576 regi
1818 1526 1927 1559 non
1953 1526 2050 1576 pro
2077 1508 2249 1576 aequi-

484 1600 595 1644 tate
646 1593 738 1644 sed
786 1611 885 1662 pro
934 1592 1213 1645 voluntate
1256 1612 1410 1662 posse
1469 1593 1817 1662 persuadere,
1856 1592 2103 1644 dominus
2145 1611 2246 1644 rex

483 1677 713 1746 propriis
748 1677 996 1729 manibus
1022 1686 1222 1729 cartam
1263 1686 1320 1729 et
1354 1677 1591 1746 sigillum
1629 1677 1713 1728 avi
1739 1677 1823 1728 sui
1848 1677 1987 1747 regis
2016 1676 2244 1729 Henrici

483 1763 905 1831 apprehendens,
934 1771 989 1814 et
1013 1763 1080 1815 ad
1105 1763 1334 1814 eundem
1363 1762 1708 1815 Gilebertum
1733 1782 2034 1827 conversus,
2076 1766 2110 1790 “
2139 1762 2247 1814 Per

482 1847 717 1912 oculos,”
757 1848 957 1918 inquit,
998 1852 1033 1876 “
1057 1848 1183 1912 Dei,
1232 1848 1276 1899 si
1304 1857 1501 1899 cartam
1525 1847 1661 1899 hanc
1686 1847 1874 1898 falsam
1899 1847 2243 1916 comprobare

479 1950 678 2000 posses,
726 1933 937 1985 lucrum
975 1933 1122 1984 mille
1163 1932 1422 1984 librarum
1446 1931 1580 1983 mihi
1606 1931 1664 1982 in
1691 1931 1893 2000 Anglia
1918 1932 2237 1985 conferres-’⁹

482 2015 588 2068 Illo
614 2018 683 2069 ad
706 2018 840 2081 haec,
861 2027 956 2070 aut
969 2037 1160 2087 parum
1186 2027 1281 2069 aut
1306 2017 1445 2068 nihil
1470 2017 1845 2086 respondente,
1868 2036 1970 2068 rex
1996 2017 2243 2069 subintu-

478 2102 544 2153 lit
558 2104 779 2155 verbum
804 2103 1135 2156 memoriale:
1167 2105 1201 2130 “
1222 2101 1332 2166 Si,”
1358 2102 1557 2170 inquit,
1588 2105 1621 2128 ‘⁶
1643 2101 1887 2153 monachi
1904 2121 1999 2171 per
2015 2097 2246 2154 similem

481 2197 680 2239 cartam
716 2197 772 2239 et
798 2187 1255 2240 confirmationem
1288 2187 1599 2257 hujusmodi
1630 2188 1721 2256 jus
1761 2187 1817 2238 in
1847 2186 2102 2256 praesenti
2126 2186 2243 2238 loco

481 2273 684 2325 scilicet
707 2273 1055 2336 Clarendona,
1095 2292 1255 2342 quem
1286 2272 1581 2342 plurimum
1608 2272 1792 2340 diligo,
1820 2291 1875 2323 se
1900 2271 2096 2323 habere
2120 2290 2244 2341 pos-

480 2369 599 2410 sent
625 2360 924 2421 ostendere,
965 2358 1105 2409 nihil
1131 2367 1271 2410 esset
1299 2358 1358 2409 in
1384 2377 1493 2427 quo
1520 2357 1596 2409 eis
1615 2358 1763 2427 juste
1798 2375 2010 2426 possem
2034 2366 2243 2408 contra-

479 2443 673 2507 dicere,
715 2462 823 2512 quo
857 2443 1034 2494 minus
1070 2443 1145 2493 eis
1195 2442 1411 2494 omnino
1438 2441 1851 2494 dimitteretur.”
1941 2439 2241 2492 Conversus

478 2529 648 2596 igitur
673 2548 773 2580 rex
798 2530 866 2580 ad
890 2528 1141 2580 abbatem
1167 2536 1223 2579 et
1248 2547 1390 2591 suos,
1432 2532 1467 2556 “
1487 2527 1622 2591 Ite,”
1643 2526 1842 2596 inquit,
1873 2529 1908 2554 ‘⁶
1936 2534 1991 2577 et
2017 2526 2240 2578 consilio

479 2613 683 2677 habito,
724 2613 953 2665 invicem
978 2613 1234 2676 conferte,
1281 2613 1326 2664 si
1366 2612 1507 2664 forte
1535 2612 1605 2664 sit
1630 2611 1840 2682 aliquid
1879 2610 1968 2663 cui
2008 2610 2239 2680 amplius

482 2718 644 2767 quam
678 2698 805 2750 huic
831 2706 993 2749 cartae
1033 2698 1210 2750 velitis
1253 2698 1434 2750 inniti.
1511 2697 1640 2751 Non
1674 2706 1853 2749 tamen
1878 2715 1970 2749 vos
2010 2704 2145 2765 puto
2171 2696 2239 2747 ad

210 2802 285 2833 'rhe
297 2802 412 2833 Abbot
479 2802 715 2852 praesens
804 2783 962 2834 aliam
1028 2783 1350 2852 quaesituros
1418 2782 1844 2852 probationem.”
1943 2780 2232 2833 Abeuntes

210 2843 438 2916 ἶῖιῖῃξιῗιῖἓιῗῖι
480 2868 664 2937 itaque
707 2867 869 2919 abbas
909 2876 966 2919 et
1005 2868 1090 2919 sui
1130 2887 1290 2937 super
1329 2868 1430 2920 hoc
1467 2867 1749 2919 consilium
1788 2866 1997 2930 inituri,
2041 2876 2239 2917 cartam

207 2927 428 3001 {ffssi-{e‘ssfthe
482 2972 631 3005 suam
676 2953 744 3004 ad
782 2972 994 3004 omnem
1033 2952 1409 3022 probationem
1450 2970 1562 3003 esse
1614 2950 1972 3003 sufficientem
2018 2969 2238 3019 cognos-

481 3047 659 3090 centes
677 3057 748 3089 ex
773 3037 949 3089 verbis
973 3037 1113 3106 regis
1130 3037 1352 3100 ultimis,
1377 3037 1576 3105 quibus
1602 3036 1762 3100 dixit,
1792 3040 1826 3064 “
1849 3036 1978 3090 Non
1992 3054 2085 3088 vos
2103 3044 2239 3105 puto

480 3123 546 3174 ad
569 3141 803 3192 praesens
828 3122 986 3173 aliam
1013 3123 1334 3192 quaesituros
1352 3122 1774 3192 probationem,”
1814 3121 1871 3172 in
1896 3121 2239 3190 praesentiam

479 3209 619 3276 regis
660 3216 716 3259 et
758 3208 1107 3260 assidentium
1141 3207 1325 3259 habito
1363 3209 1476 3277 jam
1516 3206 1737 3259 consilio
1775 3207 2021 3271 redeunt,
2050 3226 2104 3259 se
2130 3226 2240 3258 non

481 3294 611 3346 alios
637 3294 798 3346 inniti
814 3302 909 3345 aut
929 3294 1089 3345 aliam
1110 3294 1450 3363 quaesituros,
1471 3301 1625 3344 extra
1644 3301 1858 3356 cartam,
1868 3292 2240 3361 probationem

480 3387 738 3442 asserunt,
766 3379 845 3429 nil
888 3398 943 3430 se
993 3379 1161 3447 magis
1210 3379 1294 3430 vel
1342 3378 1519 3430 minus
1564 3386 1719 3428 extra
1762 3385 1959 3428 cartam
1996 3377 2236 3445 exigere,

481 3483 640 3533 super
663 3464 763 3516 hoc
790 3474 971 3516 autem
997 3483 1051 3515 se
1071 3464 1339 3533 judicium
1363 3463 1527 3532 regiae
1554 3462 1718 3514 curiae
1747 3469 2051 3530 expectare.
2107 3460 2236 3513 Non

537 3609 547 3632 ¹
586 3609 665 3661 See
706 3609 779 3651 the
836 3609 1074 3660 discussion
1116 3624 1170 3651 on
1222 3608 1309 3650 this
1390 3607 1536 3650 tioned
1557 3607 1615 3663 by
1652 3606 1763 3648 Mat.
1800 3606 1934 3662 Paris,
1956 3606 2000 3648 in
2023 3605 2115 3649 Vit.
2140 3604 2233 3648 Ab-

476 3666 643 3721 subject
684 3667 728 3709 in
777 3682 801 3709 a
849 3666 1010 3710 similar
1051 3681 1147 3710 case
1189 3681 1308 3709 men·
1391 3666 1477 3710 bat.
1500 3666 1543 3708 S.
1566 3664 1741 3718 Albani,
1762 3679 1804 3721 p.
1828 3667 1897 3708 80.
