2398 4152
682 447 1047 490 MONASTERII
1091 452 1170 491 DE
1212 452 1417 495 BELLO.
1812 447 1912 497 103

185 571 220 596 “
239 567 364 619 Non
378 567 504 630 ita‚”
519 567 698 637 inquit
711 587 828 632 reX,
848 569 1009 622 “haec
1021 589 1116 640 per
1130 590 1220 623 vos
1237 574 1571 627 determinari
1591 578 1910 647 praecipiam,
1932 602 2005 634 ‘rue
2023 603 2126 644 mag.

180 669 364 703 verum
388 669 487 719 ego
527 651 676 702 vobis
711 652 1103 717 comitantibuS,
1130 656 1348 707 consilio
1391 676 1548 727 super
1591 660 1672 711 his
1711 661 1911 726 habito,

179 734 285 785 fine
309 742 455 786 recto
481 734 839 787 concludam.”
914 735 1049 788 Haec
1077 738 1254 789 dicens
1289 742 1538 804 surrexit,
1575 751 1632 793 et
1668 743 1724 794 in
1767 746 1911 796 cimi-

182 818 377 869 terium
399 817 792 881 monachorum,
820 819 1066 871 omnibus
1097 838 1275 872 secum
1307 832 1501 890 praeter
1524 825 1833 895 episcopum
1859 836 1914 879 et

177 901 427 952 abbatem
464 901 858 964 comitantibUS,
899 903 1131 956 secessit.
1209 904 1441 957 Consilio
1483 906 1646 974 igitur
1682 927 1912 962 commu·-

178 984 372 1047 nicat0,
397 984 544 1036 misit
580 1002 680 1036 rex
719 1003 817 1054 pro
843 984 1109 1054 episcop0.
1184 985 1296 1040 Qui
1338 988 1551 1039 veniens
1593 999 1753 1058 atque
1793 1011 1913 1043 cum

176 1066 294 1119 aliis
316 1067 567 1132 residem,
591 1067 775 1119 multis
800 1086 959 1136 super
982 1068 1066 1119 his
1093 1087 1213 1120 cum
1238 1068 1421 1121 eodem
1438 1071 1651 1135 habitis,
1679 1074 1914 1124 tandem-

179 1169 284 1219 que
310 1151 536 1203 termino
559 1150 707 1203 finali
733 1151 1009 1215 conclusis,
1034 1170 1157 1220 rege
1181 1153 1541 1220 praecipiente,
1561 1153 1826 1206 Henricus
1851 1157 1913 1207 de

180 1235 407 1287 Essexia
429 1235 676 1287 abbatem
701 1254 823 1286 cum
857 1234 1128 1286 monachis
1164 1236 1272 1286 suis
1315 1236 1557 1288 adduxit.
1634 1237 1758 1291 Quo
1796 1257 1914 1290 cum

177 1320 296 1372 aliis
319 1320 601 1383 residente,
626 1338 750 1387 rege
774 1320 1049 1383 innuente,
1078 1320 1355 1388 episcopus
1389 1321 1631 1372 omnibus
1656 1322 1915 1373 audienti-

179 1404 280 1455 bus
315 1404 389 1457 sic
412 1404 621 1457 locutus
652 1413 764 1458 est:
809 1409 843 1433 ‘⁶
864 1405 984 1473 Ego
1011 1404 1353 1456 Cicestrensis
1377 1406 1575 1473 praesul
1599 1407 1848 1470 ecclesiae,
1884 1426 1914 1458 o
1934 1428 2006 1475 ἠις
2024 1429 2147 1469 nuno„

178 1506 278 1539 rex
319 1488 784 1553 excellentissime,
836 1489 1109 1541 ecclesiam
1173 1489 1237 1540 de
1293 1488 1447 1539 Bello
1499 1489 1636 1541 sicut
1692 1499 1914 1541 vestram
1935 1470 2120 1548 {iiiffi'fu

181 1571 496 1623 dominicam
521 1580 576 1624 et
599 1572 867 1642 propriam
891 1571 1162 1641 capellam,
1189 1571 1245 1622 in
1284 1590 1404 1639 qua,
1444 1579 1499 1622 et
1541 1591 1698 1641 super
1737 1592 1912 1641 quam,

177 1654 255 1706 nil
285 1654 423 1724 juris
446 1655 640 1707 habere
665 1657 811 1725 juste
837 1674 1053 1724 possum
1077 1654 1161 1707 vel
1185 1655 1370 1718 debeo,
1397 1655 1461 1706 ab
1489 1656 1731 1707 omnibus
1755 1658 1913 1707 rebus

178 1738 262 1790 vel
304 1739 618 1808 calumpniis
657 1758 688 1790 a
728 1758 812 1790 me
851 1738 933 1790 illi
970 1738 1227 1790 hactenus
1271 1738 1544 1806 oppositiS,
1583 1739 1817 1807 quietam
1859 1750 1914 1791 et

179 1822 392 1874 omnino
432 1823 599 1874 clamo
637 1822 876 1875 liberam.
952 1822 1224 1874 Abbatem
1267 1822 1427 1872 etiam
1466 1822 1736 1873 absolvens
1775 1823 1913 1874 sicut

177 1905 330 1957 illum
354 1906 440 1958 cui
464 1906 734 1958 vinculum
758 1907 1105 1958 anathematis
1142 1907 1342 1976 injuste
1381 1905 1609 1974 inposui,
1652 1906 1778 1974 quia
1813 1925 1909 1957 nec

177 1989 330 2058 potui
347 1990 494 2058 juste
517 2008 614 2041 nec
640 1990 821 2053 debui,
858 2008 889 2041 a
928 2009 1036 2059 quo
1077 1990 1255 2052 etiam,
1298 1990 1554 2058 dignitate
1592 2007 1685 2039 sua
1711 1997 1765 2039 et
1802 2007 1911 2040 suae

177 2073 412 2125 ecclesiae
435 2073 791 2142 praecellente,
817 2073 895 2124 nil
918 2073 1021 2124 nisi
1045 2073 1432 2125 interveniente
1475 2072 1708 2124 caritatis
1747 2073 1914 2139 gratia

178 2157 323 2226 exigi
346 2157 583 2226 potuisse
610 2157 696 2209 vel
720 2157 964 2210 debuisse
989 2177 1073 2208 me
1099 2165 1379 2226 protestor,
1407 2164 1567 2224 atque
1593 2175 1623 2206 a
1648 2155 1732 2206 die
1762 2155 1911 2206 hodi-

179 2261 306 2294 erno
333 2241 391 2293 in
409 2249 732 2311 perpetuum
756 2242 821 2293 ab
849 2241 1094 2293 omnibus
1123 2240 1509 2309 episcopalibus
1546 2238 1911 2289 exactionibus

175 2335 230 2379 et
268 2326 738 2379 consuetudinibus
777 2326 938 2378 simili
973 2326 1129 2377 modo
1169 2324 1432 2393 proclamo
1475 2322 1749 2373 liberum.”
1823 2322 1910 2372 Ad

179 2411 295 2462 haec
323 2427 455 2462 rex:
501 2414 536 2439 ‘⁶
563 2409 693 2461 Non
717 2418 928 2462 coactus
954 2410 1046 2460 sed
1069 2408 1363 2460 voluntarie
1397 2408 1495 2457 hoc
1539 2414 1591 2456 te
1631 2405 1815 2455 fecisse
1856 2413 1910 2454 et
1930 2418 2121 2491 grfeaeffiwn

177 2494 460 2564 protulisse
487 2502 730 2545 constans
755 2494 884 2546 est.”
922 2493 1247 2561 Episcopus:
1299 2494 1333 2518 “
1354 2490 1557 2542 Verum
1583 2497 1677 2550 est,
1703 2506 1786 2538 me
1811 2487 1909 2538 hoc
2082 2482 2089 2490 ’

176 2578 469 2630 voluntarie
489 2579 636 2647 justa
669 2578 874 2629 ratione
915 2585 1136 2645 cogente
1176 2575 1360 2626 fecisse
1399 2591 1604 2624 necnon
1648 2580 1703 2622 et
1726 2579 1909 2639 protu-

173 2662 346 2715 lisse.”
373 2661 526 2714 Tunc
542 2662 995 2731 archiepiscopus:
1023 2664 1057 2688 ‘⁶
1077 2660 1111 2711 J
1114 2668 1248 2722 usta,
1271 2658 1479 2709 domine
1504 2675 1618 2719 rex,
1639 2655 1720 2706 his
1739 2656 1910 2706 deter-
1929 2677 2001 2708 'rhe
2013 2676 2112 2707 Arch-

1930 2718 2050 2757 bishop
2070 2717 2168 2748 inter-

173 2746 461 2798 minatione
504 2747 783 2809 conclusis,
811 2764 991 2797 omnes
1031 2753 1256 2796 vestram
1295 2761 1401 2793 una
1428 2742 1767 2808 deprecamur
1809 2739 1910 2789 cle-
1930 2758 2146 2838 ἓῧὲεῗίίἶῑὲιῖο

173 2831 440 2894 mentiam,
469 2830 722 2899 quatinus
765 2830 809 2880 si
849 2848 955 2897 qua
987 2836 1167 2880 contra
1189 2835 1375 2878 vestrae
1402 2823 1727 2876 celsitudinis
1766 2823 1910 2872 inde·
1931 2840 2164 2920 {3522ssssoe

172 2915 286 2966 bita
304 2915 633 2983 dignitatem,
650 2913 958 2983 inprudenti
976 2912 1186 2963 videtur
1210 2911 1484 2979 episcopus
1509 2906 1788 2975 protulisse
1804 2924 1908 2955 ser·
1928 2922 2037 3003 5:32⁸
2052 2921 2107 2952 Bi-

174 3017 347 3063 mone,
386 2999 541 3051 nobis
587 2998 952 3067 flagitantibus
998 2996 1142 3064 pacis
1192 2993 1370 3045 osculo
1412 2990 1689 3059 praelibato
1738 2996 1908 3038 vestra
2016 2984 2025 2994 ’

173 3082 446 3151 indulgere
484 3083 566 3133 illi
605 3083 854 3150 dignetur
898 3077 1226 3130 clementia.’'
1302 3079 1335 3102 ‘⁶
1370 3074 1494 3124 Non
1538 3071 1758 3133 solum,’'
1809 3088 1905 3120 rex

172 3164 367 3233 inquit,
390 3170 425 3195 “
451 3166 611 3218 semel
636 3165 1002 3217 tantummodo
1027 3162 1170 3230 pacis
1196 3160 1451 3219 osculum,
1480 3156 1571 3206 sed
1611 3150 1787 3204 omnia
1826 3152 1903 3202 illi

173 3249 217 3299 si
244 3268 348 3317 qua
372 3258 496 3301 sunt
527 3249 825 3316 indulgens,
853 3246 1051 3297 centies
1075 3244 1260 3295 vestris
1285 3240 1529 3309 precibus
1554 3246 1712 3304 atque
1739 3236 1904 3303 ipsius

171 3332 452 3385 dilectione
478 3334 650 3384 flexus
676 3329 954 3382 tribuam.’'
1003 3329 1406 3393 Assurgensquc
1442 3331 1602 3389 atque
1629 3319 1903 3386 amplexus

173 3417 478 3486 episcopum
527 3414 859 3467 deosculatus
910 3420 1005 3462 est,
1125 3406 1600 3475 Archiepiscopus:
1666 3406 1699 3429 “
1747 3401 1905 3452 Nunc
1926 3421 1998 3452 'nm
2016 3420 2140 3459 nmmp

172 3499 337 3567 igitur
376 3501 654 3569 episcopus
698 3506 753 3548 et
792 3497 951 3547 abbas
991 3502 1053 3544 ut
1092 3491 1245 3544 amici
1288 3509 1341 3541 se
1379 3486 1726 3539 deosculando
1763 3483 1906 3552 pacis
1927 3461 2035 3533 13ἑῖιὲ
2039 3461 2120 3491 mm

1929 3542 2054 3576 friends
2066 3554 2074 3578 ;

173 3583 347 3635 foedus
372 3584 511 3636 inter
534 3602 587 3635 se
614 3589 786 3633 vestra
810 3576 1204 3630 confirmatione
1232 3573 1538 3633 retinentes,
1559 3570 1615 3620 in
1641 3577 1909 3637 posterum
