2398 4152
170 995 383 1027 Foundation

166 1038 204 1068 of
216 1038 273 1068 the
284 1037 412 1079 Abbey.

154 2843 227 2872 Oct.
251 2848 296 2873 14,

442 470 508 518 22
926 468 1206 515 HISTORIA
1250 468 1661 512 FUNDATIONIS

437 761 637 827 Incipit
662 758 789 809 liber
825 756 886 806 de
919 757 1023 806 situ
1063 755 1285 806 ecclesioe
1308 755 1453 805 Belli
1483 761 1534 805 et
1570 754 1633 805 de
1662 757 2058 822 possessionibus
2081 757 2182 807 sibi

670 860 703 891 a
728 859 846 909 φερε
883 841 949 891 W
944 839 1136 890 illelmo
1162 846 1212 890 et
1238 840 1301 890 ab
1326 839 1449 891 aliis
1474 839 1779 908 quibuslibet
1803 839 1959 892 datis,

508 982 706 1035 'ANNO
743 982 809 1033 ab
846 980 1207 1032 incarnatione
1245 979 1469 1032 Domini
1497 980 1578 1032 M.
1607 980 1738 1032 lxvi.
1779 980 1894 1032 dux
1920 980 2184 1032 Norman-

435 1086 624 1120 norum
663 1064 1020 1136 nobilissimus
1059 1055 1370 1116 Willefinus
1410 1083 1531 1116 cum
1570 1060 1733 1116 manu
1775 1064 1949 1116 valida
1981 1063 2184 1135 pugna-

436 1163 612 1204 torum
655 1152 710 1202 in
736 1149 987 1218 Angliam
1032 1147 1460 1216 transnavigavit,
1488 1157 1551 1199 ut
1575 1166 1799 1216 regnum
1827 1147 2042 1218 Angliae
2079 1146 2197 1201 sibi=

435 1256 466 1287 a
503 1255 599 1288 suo
635 1233 1025 1302 consanguineo
1066 1250 1191 1300 rege
1237 1231 1528 1284 AEdwardo
1575 1231 1868 1295 dimissum,
1911 1230 1977 1283 de
2021 1251 2182 1285 manu

437 1319 656 1372 Haraldi
684 1319 777 1387 qui
817 1317 951 1368 illud
976 1315 1237 1367 tirannica
1268 1315 1456 1367 fraude
1502 1315 1782 1379 invaserat,
1819 1315 2178 1380 abstraheret3

434 1388 642 1473 sibique
662 1403 798 1454 illud
815 1403 937 1471 jure
962 1399 1284 1451 hereditario
1303 1399 1683 1469 possidendum
1705 1400 1990 1452 obtineret.
2057 1400 2179 1458 Hoc

431 1490 632 1552 audit0,
662 1487 930 1540 Haraldus
956 1504 1078 1537 cum
1103 1485 1348 1536 exercitu
1383 1493 1567 1536 contra
1590 1484 1745 1536 illum
1785 1482 2017 1548 advenit,
2044 1485 2178 1555 duce

430 1572 793 1626 strenuissimo
823 1570 1096 1622 Willelmo
1123 1570 1374 1621 audacter
1398 1568 1586 1620 itidem
1611 1569 1661 1620 ei
1684 1587 1808 1620 cum
1835 1569 2078 1621 exercitu
2112 1570 2180 1621 ad

429 1659 602 1728 locum
630 1657 722 1727 qui
762 1674 903 1707 nunc
930 1654 1143 1706 Bellum
1169 1661 1407 1716 vocatur,
1434 1662 1762 1705 occurrente.
1841 1652 1976 1705 Dux
2010 1652 2178 1722 igitur

428 1743 648 1794 devotus
715 1741 770 1791 in
826 1739 1106 1809 procinctu
1161 1737 1357 1789 bellico
1401 1738 1512 1806 jam
1565 1745 1815 1799 armatus,
1879 1738 2178 1790 convocatis

426 1827 709 1879 baronibus
743 1835 798 1877 et
821 1825 1083 1876 militibus
1118 1823 1246 1887 suiS,
1273 1823 1547 1875 universos
1574 1823 1952 1874 exhortatione
1990 1842 2085 1874 sua
2122 1836 2177 1875 et

426 1929 516 1979 spe
564 1910 975 1979 promissionum
1018 1907 1338 1960 fiducialiter
1397 1916 1581 1959 monet
1637 1926 1835 1976 pugnae
1894 1907 2172 1972 insistere3

425 1996 601 2063 atque'
629 1994 694 2045 ad
733 2011 917 2045 eorum
959 1992 1117 2044 corda
1154 1992 1450 2044 roboranda
1491 2010 1666 2044 coram
1711 1992 1786 2043 eis
1826 2010 1948 2044 cum
1993 1991 2172 2044 favore

426 2079 660 2130 omnium
685 2088 867 2130 votum
895 2077 1015 2129 Deo
1042 2076 1188 2140 fecit,
1216 2086 1280 2129 ut
1305 2077 1348 2128 si
1375 2076 1553 2128 divina
1589 2077 1759 2146 pietas
1794 2076 1873 2128 illi
1899 2076 2174 2129 victoriam

426 2164 506 2237 de·
528 2163 636 2214 suis
673 2162 981 2215 adversariis
1017 2161 1349 2224 concederet,
1389 2161 1619 2212 eundem
1659 2160 1780 2212 Deo
1815 2161 1991 2212 locum
2032 2161 2172 2213 sicut

422 2248 521 2299 sibi
548 2247 857 2316 conquirere
883 2255 1064 2316 posset
1088 2245 1317 2298 liberum
1343 2255 1397 2298 et
1419 2245 1663 2315 quietum
1681 2245 1897 2297 omnino
1923 2245 2168 2308 offerret;

420 2331 601 2400 ibique
664 2331 988 2394 coenobium,
1041 2349 1150 2400 quo
1214 2329 1319 2382 Dei
1381 2330 1515 2382 servi
1566 2340 2033 2399 congregarentur,
2072 2349 2170 2399 pro

421 2417 673 2479 omnium,
694 2416 1015 2486 illorumque
1042 2415 1356 2467 nominatim
1380 2415 1474 2485 qui
1500 2415 1556 2466 in
1581 2415 1767 2467 eodem
1791 2415 1934 2466 bello
1960 2434 2170 2467 occum-

418 2502 604 2551 berent
641 2501 827 2562 salute,
867 2508 1229 2562 construeret3
1281 2500 1374 2568 qui
1426 2499 1575 2551 locus
1625 2499 1819 2568 refugii
1870 2508 1926 2552 et
1976 2499 2168 2551 auxilii

419 2585 662 2636 omnibus
702 2594 855 2646 esset,
894 2584 1146 2653 quatinus
1175 2583 1297 2653 jugi
1342 2584 1607 2635 bonorum
1650 2600 1872 2653 operum
1915 2584 2169 2636 instantia

419 2668 692 2718 commissa
726 2668 836 2718 illic
877 2668 1031 2719 effusi
1071 2668 1272 2719 cruoris
1309 2668 1710 2720 redimerentur.
1811 2668 1914 2719 His
1966 2669 2167 2720 animo-

419 2752 580 2802 siores
615 2752 808 2814 effecti,
835 2771 1069 2820 pugnam
1110 2760 1413 2803 constanter
1438 2752 1645 2814 ineunt,
1683 2751 1912 2822 Deoque
1950 2762 2165 2805 auctore

420 2836 629 2886 tandem
671 2835 841 2903 pridie
885 2836 1003 2886 idus
1030 2835 1278 2888 Octobris
1321 2835 1472 2887 hoste
1513 2845 1779 2904 prostrato
1812 2837 2163 2907 exercituque

416 2919 618 2985 fugato,
662 2918 931 2987 triumpho
974 2920 1273 2988 potiuntur.
1387 2919 1706 2971 Tirannide2
1745 2920 1927 2988 itaque
1981 2920 2162 2972 hostili

419 3004 655 3072 undique
711 3013 989 3071 prostrata,
1041 3005 1097 3055 in
1151 3004 1298 3055 brevi
1361 3004 1521 3055 etiam
1572 3011 1685 3054 tota
1746 3022 1900 3071 paene
1964 3003 2163 3073 Anglia

418 3087 706 3155 pacificata,
755 3088 939 3138 eodem
974 3107 1111 3139 anno
1154 3089 1269 3139 dux
1304 3088 1643 3156 armipotens,
1680 3087 1825 3154 regio
1865 3088 2160 3140 diademate

417 3171 716 3239 insignitus,
749 3172 891 3240 apud
930 3171 1267 3223 Lundoniam
1293 3171 1531 3233 mirifice,
1560 3180 1622 3222 ut
1655 3171 1890 3221 nobilem
1921 3173 2159 3236 decebat,

418 3274 588 3305 coram
615 3255 762 3323 regni
789 3255 1113 3324 primoribus
1140 3256 1196 3306 in
1235 3275 1414 3323 regem
1461 3248 1624 3306 totius
1650 3254 1864 3323 Angliae
1905 3256 2159 3320 elevatur,

415 3349 572 3406 atque
599 3358 629 3390 a
665 3339 776 3390 viro
801 3340 1089 3391 venerabili
1126 3340 1368 3391 Aldredo
1394 3339 1717 3391 Eboracensi
1762 3339 2159 3410 archiepiscopo

474 3484 483 3508 ¹
518 3484 621 3526 This
643 3485 888 3527 initialAis
906 3501 1005 3543 very
1026 3487 1235 3543 splendid,
1324 3487 1475 3543 Henry
1512 3487 1621 3529 Ellis
1653 3487 1848 3530 deserves
1883 3496 1926 3529 to
1967 3488 2019 3530 be
2056 3503 2156 3531 con-

414 3541 495 3582 and
518 3550 749 3597 represents
766 3543 836 3584 the
861 3543 1105 3600 Conqueror
1126 3552 1237 3587 seat-
1321 3544 1473 3598 sulted,
1512 3546 1555 3586 in
1576 3544 1642 3586 his
1667 3544 1805 3587 Index
1827 3554 1870 3587 to
1894 3545 2153 3603 Doomsday,

413 3597 464 3640 ed
488 3598 530 3640 in
551 3598 616 3639 his
637 3600 879 3642 coronation
901 3600 1031 3643 chair.
1320 3602 1348 3644 i.
1381 3617 1422 3659 p.
1455 3604 1554 3645 312.
1634 3601 1795 3644 Harold
1830 3617 1915 3645 was
1964 3618 1989 3644 a
2033 3612 2152 3660 great

470 3655 486 3677 ²
506 3654 574 3696 On
595 3654 679 3697 this
708 3656 872 3710 subject
904 3673 928 3699 a
959 3664 1059 3700 note
1091 3658 1148 3714 by
1171 3658 1236 3700 Sir
1320 3674 1496 3716 usurpet
1523 3659 1570 3701 of
1600 3658 1772 3702 Church
1793 3668 2005 3717 property.

2372 1581 2398 1934 §.affert-f<*marm-1‘r‘
2364 1547 2385 1570 “5-
2374 1512 2382 1527 ··
2376 1402 2381 1403 ’
2374 1288 2376 1290 ·
2379 1244 2383 1257 ν

2371 2341 2375 2343 ·
2367 2052 2398 2314 *ww-s.-
2373 1938 2398 2028 “f-'fffi
