2398 4152
684 449 1050 490 MONASTERII
1086 451 1167 491 DE
1209 451 1415 493 BELLO.
1807 441 1910 490 155

183 577 297 646 ipso
339 573 691 626 conversionis
731 584 841 628 suae
889 573 1045 626 initio
1082 582 1190 626 tam
1228 573 1467 638 honeste,
1514 581 1622 625 tam
1671 573 1912 637 discrete,

185 668 292 711 tam
344 658 501 725 digne
545 665 601 708 et
647 657 988 708 laudabiliter
1040 656 1330 720 habuisset,
1380 665 1443 708 ut
1482 675 1604 708 eum
1653 657 1755 708 sibi
1803 676 1915 709 mo-

185 740 399 794 nasterii
440 740 609 810 ipsius
650 740 965 791 universitas
1007 759 1256 809 processu
1290 740 1562 809 temporis,
1606 741 1783 810 priore
1820 759 1915 792 suo

187 825 456 888 defunctO,
506 824 718 876 nomine
764 832 819 875 et
866 823 1040 875 officio
1093 823 1284 892 prioris
1326 823 1528 892 praefici
1577 824 1914 887 desideraret,

187 907 456 961 desideriis
494 907 711 976 quidem
750 925 932 958 eorum
972 906 1271 957 satisfacere
1309 906 1538 970 distulit,
1566 926 1619 958 se
1663 915 1917 975 tanquam

185 991 462 1059 indignum
488 999 543 1042 et
567 998 715 1042 tanto
746 990 893 1041 oneri
917 989 1170 1058 imparem
1191 989 1494 1053 arbitratus,
1522 990 1685 1041 alium
1711 990 1917 1058 dignio-

186 1093 298 1127 rem
322 1074 466 1142 eligi,
493 1073 701 1142 sibique
726 1072 992 1141 indulgeri
1016 1072 1320 1141 postulavit.
1398 1072 1507 1124 Sed
1531 1091 1652 1125 cum
1676 1074 1919 1124 universa

188 1150 523 1226 congregatio
562 1156 637 1208 sic
680 1155 737 1207 in
777 1157 892 1225 ejus
933 1155 1044 1206 fixa
1081 1163 1321 1206 maneret
1369 1155 1647 1219 electione,
1697 1164 1761 1207 ut
1803 1174 1918 1207 eam

185 1243 242 1295 in
277 1241 545 1293 neminem
584 1247 782 1308 praeter
823 1239 999 1308 ipsum
1041 1238 1203 1290 vellet
1245 1239 1545 1302 transferre,
1590 1239 1704 1309 ipse
1746 1240 1919 1291 virum

187 1324 541 1378 venerabilem
590 1322 927 1375 Mauriliuml
977 1330 1105 1374 tunc
1144 1323 1399 1392 temporis
1434 1323 1922 1392 Rothomagensem

188 1407 639 1477 archiepiscopum
678 1407 828 1469 adiit,
863 1416 926 1458 ut
959 1425 1082 1458 eum
1120 1415 1375 1475 tanquam
1400 1406 1573 1459 virum
1614 1408 1919 1471 discretum,

189 1510 345 1562 super
367 1510 424 1543 re
449 1490 816 1561 hujuscemodi
844 1490 975 1558 quid
1010 1490 1266 1559 expedire
1290 1490 1579 1553 videretur,
1606 1491 1920 1543 consuleret.

189 1576 633 1645 Archiepiscopus
671 1574 854 1627 audito
893 1574 1253 1625 universitatis
1286 1574 1343 1638 in
1385 1593 1507 1625 eum
1546 1593 1821 1639 consensu,
1861 1585 1924 1628 ut

189 1660 553 1729 adquiesceret
598 1659 656 1711 in
702 1658 903 1710 virtute
953 1658 1274 1710 obedientiae
1323 1658 1425 1710 sibi
1473 1659 1731 1729 injunxit,
1776 1668 1832 1711 et
1879 1661 1923 1711 si

187 1745 324 1796 forte
363 1744 421 1795 in
460 1751 734 1813 posterum
774 1743 841 1794 ad
879 1742 1066 1794 altiora
1107 1744 1497 1812 promovendus
1542 1745 1790 1795 canonice
1833 1763 1923 1796 vo-

190 1837 413 1893 caretur,
456 1846 524 1880 ne
562 1826 834 1879 resisteret
873 1826 1018 1877 omni
1063 1845 1168 1895 qua
1209 1827 1391 1896 potuit
1429 1827 1743 1879 auctoritate
1787 1846 1924 1896 prae-

190 1911 346 1982 cepit.
420 1910 680 1963 Accidere
705 1928 935 1978 namque
968 1909 1278 1978 frequenter
1308 1910 1534 1962 asseruit
1570 1918 1633 1961 ut
1667 1911 1793 1962 dum
1827 1911 1923 1962 ali-

192 1996 310 2064 quis
334 1995 501 2047 sciens
531 2002 586 2046 et
608 2003 798 2063 potens
823 1994 941 2046 aliis
965 2012 1192 2063 praeesse
1219 2002 1381 2062 atque
1406 1994 1674 2062 prodesse,
1702 2003 1925 2046 vocante

192 2097 314 2131 eum
351 2078 587 2142 ecclesia,
626 2096 736 2130 non
772 2077 1081 2145 acquiescit,
1129 2079 1359 2129 offensus
1399 2078 1666 2130 Dominus
1697 2078 1921 2146 gratiam

191 2162 293 2215 sibi
317 2180 614 2214 concessam
639 2161 923 2223 subtrahit,
954 2169 1009 2212 et
1034 2179 1157 2212 eum
1193 2162 1250 2212 in
1280 2161 1499 2230 aliquod
1524 2162 1722 2213 crimen
1748 2181 1922 2213 coram

193 2247 311 2298 Deo
335 2255 391 2298 et
413 2245 720 2298 hominibus
746 2245 1059 2296 detestabile
1084 2264 1239 2296 ruere
1269 2245 1548 2314 permittit.
1625 2245 1783 2296 Unde
1810 2246 1922 2297 cui-

189 2331 322 2382 libet
370 2348 555 2382 sanum
602 2328 850 2398 sapienti,
899 2329 1067 2398 magis
1115 2329 1438 2380 attendenda
1495 2337 1576 2380 est
1631 2329 1922 2380 multorum

192 2413 482 2466 communis
527 2412 752 2476 utilitas,
798 2431 958 2481 quam
994 2413 1225 2482 propria,
1269 2413 1396 2464 licet
1433 2412 1638 2481 sibiipsi
1680 2413 1923 2465 videatur

191 2498 358 2562 utilis,
378 2498 641 2549 voluntas·
834 2552 849 2563 β

263 2582 512 2634 Pulsatus
549 2580 855 2650 hujusmodi
893 2579 1306 2648 cogitationibus
1336 2580 1417 2631 vir
1452 2580 1684 2649 prudens
1725 2588 1781 2631 et
1818 2580 1923 2631 dis·
1946 2591 2164 2622 Consentsat

1944 2633 2023 2670 last,
2040 2631 2109 2663 and

192 2674 364 2718 cretus
414 2665 533 2717 Odo
580 2665 727 2733 prior
785 2663 1196 2725 CantuariensiS,
1245 2663 1536 2732 plurimum
1585 2663 1919 2727 anxiebatur,
1944 2673 2130 2745 {ffiggffm

194 2768 313 2801 cum
354 2749 571 2818 quidem
617 2755 727 2799 tam
775 2748 980 2798 solenni
1021 2747 1268 2799 electioni
1318 2766 1430 2798 suae
1469 2766 1577 2799 non
1626 2748 1921 2799 consentire
1944 2755 2033 2788 their
2047 2755 2180 2787 wishes.

192 2834 542 2903 perpenderet
571 2850 682 2883 esse
719 2830 1094 2901 periculosum,
1123 2832 1419 2882 consentire
1455 2840 1634 2883 autem
1660 2831 1922 2883 voluntati

194 2926 248 2969 et
270 2916 543 2986 proposito
569 2934 665 2967 suo
691 2923 830 2966 esset
856 2915 1072 2966 omnino
1099 2915 1437 2967 contrarium.
1514 2913 1836 2966 Movebatur
1859 2934 1921 2966 eo

195 3000 433 3068 amplius,
461 2999 605 3068 quod
629 2999 685 3050 in
712 2998 969 3050 electione
996 3016 1091 3049 sua
1115 2999 1395 3050 videbatur
1419 3017 1641 3066 regnum
1670 3007 1724 3049 et
1756 3018 1923 3049 sacer-

195 3083 397 3135 dotium
421 3082 742 3145 convenisse,
769 3089 1087 3150 procurante
1113 3081 1314 3133 scilicet
1340 3101 1454 3133 eam
1478 3101 1599 3150 rege
1625 3091 1774 3150 patre
1802 3101 1922 3132 cum

194 3185 314 3235 rege
350 3166 478 3230 filio,
518 3174 572 3218 et
619 3166 771 3234 regni
819 3165 1169 3232 magnatibus,
1220 3166 1612 3234 archiepiscopo
1656 3174 1922 3234 metropo-

193 3250 356 3301 litano
400 3268 519 3301 cum
567 3249 929 3317 suffraganeiS,
980 3248 1156 3316 priore
1201 3249 1360 3300 etiam
1410 3249 1713 3300 monasterii
1756 3250 1921 3300 sancti

196 3331 417 3384 Martini
466 3334 530 3385 de
582 3333 736 3384 Bello
791 3351 911 3384 cum
958 3332 1211 3383 fratribus
1272 3351 1334 3382 eo
1397 3351 1571 3383 secum
1631 3332 1919 3401 perductiS.

199 3414 343 3469 Quid
369 3417 534 3485 igitur
557 3417 774 3468 faceret.
851 3415 1180 3483 Importunis
1205 3415 1441 3466 omnium
1465 3415 1728 3483 precibus,
1761 3416 1922 3467 immo

194 3499 370 3567 potius
412 3500 579 3552 divini
627 3499 832 3552 timoris
875 3498 1205 3566 correptione
1256 3499 1466 3549 tandem
1511 3499 1764 3562 devictus,
1815 3519 1922 3561 non

734 3596 743 3621 ¹
776 3596 854 3638 See
878 3594 1083 3638 Neustria
1106 3595 1196 3648 Pia,
1217 3610 1257 3652 p.
1283 3598 1380 3639 169.
