<?xml version="1.0" encoding="UTF-8"?>
<!DOCTYPE html PUBLIC "-//W3C//DTD XHTML 1.0 Transitional//EN"
    "http://www.w3.org/TR/xhtml1/DTD/xhtml1-transitional.dtd">
<html xmlns="http://www.w3.org/1999/xhtml" xml:lang="en" lang="en">
 <head>
  <title>
</title>
<meta http-equiv="Content-Type" content="text/html;charset=utf-8" />
  <meta name='ocr-system' content='tesseract 3.04.00' />
  <meta name='ocr-capabilities' content='ocr_page ocr_carea ocr_par ocr_line ocrx_word'/>
</head>
<body>
  <div class='ocr_page' id='page_1' title='image "./chroniconmonaste00battuoft_0102.png"; bbox 0 0 2398 4152; ppageno 0'>
   <div class='ocr_carea' id='block_1_1' title="bbox 211 1856 437 2054">
    <p class='ocr_par' dir='ltr' id='par_1_1' title="bbox 215 1856 422 1971">
     <span class='ocr_line' id='line_1_1' title="bbox 215 1856 422 1889; baseline 0.01 -2"><span class='ocrx_word' id='word_1_1' title='bbox 215 1856 308 1888; x_wconf 84' lang='lat' dir='ltr'><strong>John</strong></span> <span class='ocrx_word' id='word_1_2' title='bbox 323 1857 422 1889; x_wconf 85' lang='lat' dir='ltr'><strong>Belet</strong></span> 
     </span>
     <span class='ocr_line' id='line_1_2' title="bbox 215 1898 400 1938; baseline 0.011 -10"><span class='ocrx_word' id='word_1_3' title='bbox 215 1898 400 1938; x_wconf 82' lang='lat' dir='ltr'><strong>appointed</strong></span> 
     </span>
     <span class='ocr_line' id='line_1_3' title="bbox 215 1943 330 1971; baseline 0.009 -1"><span class='ocrx_word' id='word_1_4' title='bbox 215 1943 330 1971; x_wconf 83' lang='lat' dir='ltr'><strong>custos</strong></span> 
     </span>
    </p>

    <p class='ocr_par' dir='ltr' id='par_1_2' title="bbox 211 1980 437 2054">
     <span class='ocr_line' id='line_1_4' title="bbox 213 1980 437 2014; baseline 0.018 -4"><span class='ocrx_word' id='word_1_5' title='bbox 213 1980 264 2011; x_wconf 87' lang='lat' dir='ltr'><strong>till</strong></span> <span class='ocrx_word' id='word_1_6' title='bbox 281 1981 339 2013; x_wconf 82' lang='lat' dir='ltr'><strong>the</strong></span> <span class='ocrx_word' id='word_1_7' title='bbox 361 1991 437 2014; x_wconf 88' lang='lat' dir='ltr'><strong>new</strong></span> 
     </span>
     <span class='ocr_line' id='line_1_5' title="bbox 211 2022 365 2054; baseline 0.013 -2"><span class='ocrx_word' id='word_1_8' title='bbox 211 2022 365 2054; x_wconf 85' lang='lat' dir='ltr'><strong>election.</strong></span> 
     </span>
    </p>
   </div>
   <div class='ocr_carea' id='block_1_2' title="bbox 207 2548 431 2709">
    <p class='ocr_par' dir='ltr' id='par_1_3' title="bbox 207 2548 431 2709">
     <span class='ocr_line' id='line_1_6' title="bbox 208 2548 401 2575; baseline 0.005 -1"><span class='ocrx_word' id='word_1_9' title='bbox 208 2551 232 2574; x_wconf 78' lang='grc' dir='ltr'><strong>Α</strong></span> <span class='ocrx_word' id='word_1_10' title='bbox 238 2566 245 2574; x_wconf 83' lang='grc'><em>.</em></span> <span class='ocrx_word' id='word_1_11' title='bbox 252 2553 288 2575; x_wconf 83' lang='lat'><strong>1).</strong></span> <span class='ocrx_word' id='word_1_12' title='bbox 310 2548 322 2574; x_wconf 94' lang='lat'>1</span> <span class='ocrx_word' id='word_1_13' title='bbox 331 2548 388 2575; x_wconf 84' lang='lat'><strong>125</strong></span> <span class='ocrx_word' id='word_1_14' title='bbox 394 2566 401 2575; x_wconf 94' lang='lat'>.</span> 
     </span>
     <span class='ocr_line' id='line_1_7' title="bbox 207 2585 402 2623; baseline 0.01 -8"><span class='ocrx_word' id='word_1_15' title='bbox 207 2585 364 2623; x_wconf 84' lang='lat' dir='ltr'><strong>Warner,</strong></span> <span class='ocrx_word' id='word_1_16' title='bbox 382 2595 402 2617; x_wconf 87' lang='lat' dir='ltr'><strong>a</strong></span> 
     </span>
     <span class='ocr_line' id='line_1_8' title="bbox 207 2626 366 2658; baseline 0.013 -2"><span class='ocrx_word' id='word_1_17' title='bbox 207 2626 314 2657; x_wconf 90' lang='lat' dir='ltr'><strong>monk</strong></span> <span class='ocrx_word' id='word_1_18' title='bbox 327 2626 366 2658; x_wconf 91' lang='lat' dir='ltr'><strong>of</strong></span> 
     </span>
     <span class='ocr_line' id='line_1_9' title="bbox 207 2667 431 2709; baseline 0.004 -11"><span class='ocrx_word' id='word_1_19' title='bbox 207 2667 431 2709; x_wconf 82' lang='lat' dir='ltr'><strong>Canterbury,</strong></span> 
     </span>
    </p>
   </div>
   <div class='ocr_carea' id='block_1_3' title="bbox 2173 0 2398 180">
    <p class='ocr_par' dir='ltr' id='par_1_4' title="bbox 2173 0 2398 180">
     <span class='ocr_line' id='line_1_10' title="bbox 2173 0 2398 180; baseline 0 3972"><span class='ocrx_word' id='word_1_20' title='bbox 2173 0 2398 180; x_wconf 95' lang='lat' dir='ltr'><strong> </strong></span> 
     </span>
    </p>
   </div>
   <div class='ocr_carea' id='block_1_4' title="bbox 503 452 1732 502">
    <p class='ocr_par' dir='ltr' id='par_1_5' title="bbox 503 452 1732 502">
     <span class='ocr_line' id='line_1_11' title="bbox 503 452 1732 502; baseline -0.001 -1"><span class='ocrx_word' id='word_1_21' title='bbox 503 452 570 502; x_wconf 88' lang='lat'><strong>60</strong></span> <span class='ocrx_word' id='word_1_22' title='bbox 1005 460 1286 502; x_wconf 79' lang='lat' dir='ltr'><strong>HISTORIA</strong></span> <span class='ocrx_word' id='word_1_23' title='bbox 1324 460 1732 502; x_wconf 81' lang='lat' dir='ltr'>FUNDATIONIS</span> 
     </span>
    </p>
   </div>
   <div class='ocr_carea' id='block_1_5' title="bbox 476 584 2247 2678">
    <p class='ocr_par' dir='ltr' id='par_1_6' title="bbox 476 584 2247 2507">
     <span class='ocr_line' id='line_1_12' title="bbox 496 584 2247 654; baseline -0.001 -17"><span class='ocrx_word' id='word_1_24' title='bbox 496 587 667 637; x_wconf 87' lang='lat' dir='ltr'><strong>frusta</strong></span> <span class='ocrx_word' id='word_1_25' title='bbox 690 585 958 654; x_wconf 75' lang='lat' dir='ltr'>pulmonis</span> <span class='ocrx_word' id='word_1_26' title='bbox 982 585 1142 653; x_wconf 88' lang='lat' dir='ltr'><strong>longa</strong></span> <span class='ocrx_word' id='word_1_27' title='bbox 1168 585 1302 635; x_wconf 90' lang='lat' dir='ltr'><strong>tussi</strong></span> <span class='ocrx_word' id='word_1_28' title='bbox 1329 584 1495 635; x_wconf 90' lang='lat' dir='ltr'><strong>diruti</strong></span> <span class='ocrx_word' id='word_1_29' title='bbox 1522 592 1753 647; x_wconf 81' lang='lat' dir='ltr'><strong>coactUS‚</strong></span> <span class='ocrx_word' id='word_1_30' title='bbox 1786 602 1907 635; x_wconf 92' lang='lat' dir='ltr'><strong>eum</strong></span> <span class='ocrx_word' id='word_1_31' title='bbox 1935 586 2058 635; x_wconf 71' lang='lat' dir='ltr'><strong>&#39;cum</strong></span> <span class='ocrx_word' id='word_1_32' title='bbox 2091 584 2247 636; x_wconf 84' lang='lat' dir='ltr'><strong>solita</strong></span> 
     </span>
     <span class='ocr_line' id='line_1_13' title="bbox 497 667 2245 732; baseline 0 -11"><span class='ocrx_word' id='word_1_33' title='bbox 497 671 630 721; x_wconf 90' lang='lat' dir='ltr'><strong>tussi</strong></span> <span class='ocrx_word' id='word_1_34' title='bbox 686 669 1020 720; x_wconf 84' lang='lat' dir='ltr'><strong>vehementer</strong></span> <span class='ocrx_word' id='word_1_35' title='bbox 1065 669 1275 731; x_wconf 88' lang='lat' dir='ltr'><strong>invasit,</strong></span> <span class='ocrx_word' id='word_1_36' title='bbox 1326 668 1561 731; x_wconf 84' lang='lat' dir='ltr'><strong>vexavit,</strong></span> <span class='ocrx_word' id='word_1_37' title='bbox 1610 667 1850 732; x_wconf 87' lang='lat' dir='ltr'><strong>involvit,</strong></span> <span class='ocrx_word' id='word_1_38' title='bbox 1902 669 2245 731; x_wconf 84' lang='lat' dir='ltr'><strong>exanimavit,</strong></span> 
     </span>
     <span class='ocr_line' id='line_1_14' title="bbox 492 751 2247 819; baseline 0 -15"><span class='ocrx_word' id='word_1_39' title='bbox 492 753 746 805; x_wconf 86' lang='lat' dir='ltr'><strong>fratribus</strong></span> <span class='ocrx_word' id='word_1_40' title='bbox 772 753 1229 815; x_wconf 82' lang='lat' dir='ltr'><strong>concurrentibUS,</strong></span> <span class='ocrx_word' id='word_1_41' title='bbox 1258 751 1584 814; x_wconf 81' lang='lat' dir='ltr'><strong>dolentibUS,</strong></span> <span class='ocrx_word' id='word_1_42' title='bbox 1622 752 1975 819; x_wconf 83' lang='lat' dir='ltr'><strong>gementibuS,</strong></span> <span class='ocrx_word' id='word_1_43' title='bbox 2004 753 2247 804; x_wconf 87' lang='lat' dir='ltr'><strong>deflenti-</strong></span> 
     </span>
     <span class='ocr_line' id='line_1_15' title="bbox 493 834 2246 906; baseline -0.001 -17"><span class='ocrx_word' id='word_1_44' title='bbox 493 839 612 900; x_wconf 87' lang='lat' dir='ltr'><strong>bus,</strong></span> <span class='ocrx_word' id='word_1_45' title='bbox 659 836 908 906; x_wconf 88' lang='lat' dir='ltr'><strong>spiritum</strong></span> <span class='ocrx_word' id='word_1_46' title='bbox 948 836 1307 905; x_wconf 80' lang='lat' dir='ltr'><strong>egredientem</strong></span> <span class='ocrx_word' id='word_1_47' title='bbox 1347 835 1405 885; x_wconf 89' lang='lat' dir='ltr'><strong>in</strong></span> <span class='ocrx_word' id='word_1_48' title='bbox 1448 836 1637 886; x_wconf 90' lang='lat' dir='ltr'><strong>manus</strong></span> <span class='ocrx_word' id='word_1_49' title='bbox 1684 834 1950 887; x_wconf 90' lang='lat' dir='ltr'><strong>Creatoris</strong></span> <span class='ocrx_word' id='word_1_50' title='bbox 1975 837 2042 888; x_wconf 88' lang='lat' dir='ltr'><strong>ad</strong></span> <span class='ocrx_word' id='word_1_51' title='bbox 2085 855 2246 905; x_wconf 90' lang='lat' dir='ltr'><strong>quem</strong></span> 
     </span>
     <span class='ocr_line' id='line_1_16' title="bbox 490 920 2246 973; baseline 0 -1"><span class='ocrx_word' id='word_1_52' title='bbox 490 922 699 972; x_wconf 82' lang='lat' dir='ltr'><strong>redibat</strong></span> <span class='ocrx_word' id='word_1_53' title='bbox 723 922 911 973; x_wconf 87' lang='lat' dir='ltr'><strong>devote</strong></span> <span class='ocrx_word' id='word_1_54' title='bbox 937 920 1447 972; x_wconf 77' lang='lat' dir='ltr'><strong>commendantibus·</strong></span> <span class='ocrx_word' id='word_1_55' title='bbox 1526 920 1705 973; x_wconf 82' lang='lat' dir='ltr'><strong>Quem</strong></span> <span class='ocrx_word' id='word_1_56' title='bbox 1729 921 1974 972; x_wconf 90' lang='lat' dir='ltr'><strong>monachi</strong></span> <span class='ocrx_word' id='word_1_57' title='bbox 1997 921 2055 971; x_wconf 92' lang='lat' dir='ltr'><strong>in</strong></span> <span class='ocrx_word' id='word_1_58' title='bbox 2081 921 2246 972; x_wconf 91' lang='lat' dir='ltr'><strong>eccle-</strong></span> 
     </span>
     <span class='ocr_line' id='line_1_17' title="bbox 492 1004 2246 1075; baseline -0.001 -18"><span class='ocrx_word' id='word_1_59' title='bbox 492 1006 569 1058; x_wconf 91' lang='lat' dir='ltr'><strong>sia</strong></span> <span class='ocrx_word' id='word_1_60' title='bbox 589 1007 705 1075; x_wconf 89' lang='lat' dir='ltr'><strong>ipsa</strong></span> <span class='ocrx_word' id='word_1_61' title='bbox 729 1007 795 1057; x_wconf 92' lang='lat' dir='ltr'><strong>de</strong></span> <span class='ocrx_word' id='word_1_62' title='bbox 822 1005 996 1068; x_wconf 88' lang='lat' dir='ltr'><strong>Bello,</strong></span> <span class='ocrx_word' id='word_1_63' title='bbox 1017 1006 1075 1056; x_wconf 91' lang='lat' dir='ltr'><strong>in</strong></span> <span class='ocrx_word' id='word_1_64' title='bbox 1101 1005 1269 1056; x_wconf 89' lang='lat' dir='ltr'><strong>crucis</strong></span> <span class='ocrx_word' id='word_1_65' title='bbox 1294 1013 1443 1073; x_wconf 85' lang='lat' dir='ltr'><strong>parte</strong></span> <span class='ocrx_word' id='word_1_66' title='bbox 1469 1004 1778 1073; x_wconf 86' lang='lat' dir='ltr'>aquilonali,</span> <span class='ocrx_word' id='word_1_67' title='bbox 1801 1012 1922 1056; x_wconf 88' lang='lat' dir='ltr'><strong>ante</strong></span> <span class='ocrx_word' id='word_1_68' title='bbox 1937 1005 2246 1056; x_wconf 85' lang='lat' dir='ltr'><strong>memoriam</strong></span> 
     </span>
     <span class='ocr_line' id='line_1_18' title="bbox 492 1089 2246 1159; baseline 0 -18"><span class='ocrx_word' id='word_1_69' title='bbox 492 1090 870 1159; x_wconf 87' lang='lat' dir='ltr'><strong>apostolorum¹</strong></span> <span class='ocrx_word' id='word_1_70' title='bbox 898 1090 1118 1140; x_wconf 85' lang='lat' dir='ltr'><strong>honeste</strong></span> <span class='ocrx_word' id='word_1_71' title='bbox 1144 1090 1477 1140; x_wconf 89' lang='lat' dir='ltr'><strong>tradiderunt</strong></span> <span class='ocrx_word' id='word_1_72' title='bbox 1504 1089 1812 1158; x_wconf 80' lang='lat' dir='ltr'><strong>sepulturae.</strong></span> <span class='ocrx_word' id='word_1_73' title='bbox 1890 1090 2041 1158; x_wconf 85' lang='lat' dir='ltr'><strong>Rege</strong></span> <span class='ocrx_word' id='word_1_74' title='bbox 2063 1090 2246 1159; x_wconf 86' lang='lat' dir='ltr'><strong>itaque</strong></span> 
     </span>
     <span class='ocr_line' id='line_1_19' title="bbox 494 1173 2242 1243; baseline 0 -18"><span class='ocrx_word' id='word_1_75' title='bbox 494 1175 732 1226; x_wconf 91' lang='lat' dir='ltr'><strong>Henrico</strong></span> <span class='ocrx_word' id='word_1_76' title='bbox 756 1181 885 1225; x_wconf 89' lang='lat' dir='ltr'><strong>tunc</strong></span> <span class='ocrx_word' id='word_1_77' title='bbox 911 1173 1166 1242; x_wconf 87' lang='lat' dir='ltr'><strong>temporis</strong></span> <span class='ocrx_word' id='word_1_78' title='bbox 1191 1173 1247 1224; x_wconf 94' lang='lat' dir='ltr'><strong>in</strong></span> <span class='ocrx_word' id='word_1_79' title='bbox 1279 1173 1643 1225; x_wconf 81' lang='lat' dir='ltr'><strong>transmarinis</strong></span> <span class='ocrx_word' id='word_1_80' title='bbox 1681 1174 1926 1242; x_wconf 86' lang='lat' dir='ltr'><strong>partibus</strong></span> <span class='ocrx_word' id='word_1_81' title='bbox 1964 1182 2242 1243; x_wconf 89' lang='lat' dir='ltr'><strong>occupato,</strong></span> 
     </span>
     <span class='ocr_line' id='line_1_20' title="bbox 492 1257 2243 1327; baseline 0 -18"><span class='ocrx_word' id='word_1_82' title='bbox 492 1276 613 1309; x_wconf 91' lang='lat' dir='ltr'><strong>cum</strong></span> <span class='ocrx_word' id='word_1_83' title='bbox 632 1259 745 1327; x_wconf 88' lang='lat' dir='ltr'><strong>jam</strong></span> <span class='ocrx_word' id='word_1_84' title='bbox 771 1258 900 1309; x_wconf 89' lang='lat' dir='ltr'><strong>dicti</strong></span> <span class='ocrx_word' id='word_1_85' title='bbox 934 1258 1101 1327; x_wconf 88' lang='lat' dir='ltr'><strong>patris</strong></span> <span class='ocrx_word' id='word_1_86' title='bbox 1146 1257 1367 1308; x_wconf 86' lang='lat' dir='ltr'><strong>Radulfi</strong></span> <span class='ocrx_word' id='word_1_87' title='bbox 1409 1257 1588 1308; x_wconf 88' lang='lat' dir='ltr'><strong>obitus</strong></span> <span class='ocrx_word' id='word_1_88' title='bbox 1628 1258 1844 1309; x_wconf 90' lang='lat' dir='ltr'><strong>auribus</strong></span> <span class='ocrx_word' id='word_1_89' title='bbox 1884 1267 2023 1309; x_wconf 90' lang='lat' dir='ltr'><strong>esset</strong></span> <span class='ocrx_word' id='word_1_90' title='bbox 2061 1258 2243 1309; x_wconf 86' lang='lat' dir='ltr'><strong>illatus</strong></span> 
     </span>
     <span class='ocr_line' id='line_1_21' title="bbox 491 1342 2242 1411; baseline 0 -18"><span class='ocrx_word' id='word_1_91' title='bbox 491 1342 715 1411; x_wconf 86' lang='lat' dir='ltr'><strong>Rogerii</strong></span> <span class='ocrx_word' id='word_1_92' title='bbox 760 1342 1174 1394; x_wconf 89' lang='lat' dir='ltr'><strong>Saresberiensis</strong></span> <span class='ocrx_word' id='word_1_93' title='bbox 1215 1342 1467 1411; x_wconf 84' lang='lat' dir='ltr'><strong>episcopi,</strong></span> <span class='ocrx_word' id='word_1_94' title='bbox 1515 1342 1609 1410; x_wconf 91' lang='lat' dir='ltr'><strong>qui</strong></span> <span class='ocrx_word' id='word_1_95' title='bbox 1653 1350 1781 1393; x_wconf 91' lang='lat' dir='ltr'><strong>tunc</strong></span> <span class='ocrx_word' id='word_1_96' title='bbox 1836 1361 1932 1411; x_wconf 90' lang='lat' dir='ltr'><strong>per</strong></span> <span class='ocrx_word' id='word_1_97' title='bbox 1989 1342 2242 1410; x_wconf 87' lang='lat' dir='ltr'><strong>Angliam</strong></span> 
     </span>
     <span class='ocr_line' id='line_1_22' title="bbox 487 1426 2242 1496; baseline 0 -20"><span class='ocrx_word' id='word_1_98' title='bbox 487 1427 634 1494; x_wconf 86' lang='lat' dir='ltr'><strong>regia</strong></span> <span class='ocrx_word' id='word_1_99' title='bbox 665 1428 791 1496; x_wconf 87' lang='lat' dir='ltr'><strong>jura</strong></span> <span class='ocrx_word' id='word_1_100' title='bbox 833 1427 1280 1490; x_wconf 73' lang='lat' dir='ltr'><strong>administrabat,2</strong></span> <span class='ocrx_word' id='word_1_101' title='bbox 1337 1426 1623 1477; x_wconf 89' lang='lat' dir='ltr'><strong>destinavit</strong></span> <span class='ocrx_word' id='word_1_102' title='bbox 1671 1426 1799 1477; x_wconf 88' lang='lat' dir='ltr'><strong>illuc</strong></span> <span class='ocrx_word' id='word_1_103' title='bbox 1839 1445 1959 1478; x_wconf 91' lang='lat' dir='ltr'><strong>cum</strong></span> <span class='ocrx_word' id='word_1_104' title='bbox 2011 1426 2242 1494; x_wconf 88' lang='lat' dir='ltr'><strong>quodam</strong></span> 
     </span>
     <span class='ocr_line' id='line_1_23' title="bbox 489 1509 2241 1579; baseline 0.001 -19"><span class='ocrx_word' id='word_1_105' title='bbox 489 1511 749 1562; x_wconf 86' lang='lat' dir='ltr'><strong>serviente</strong></span> <span class='ocrx_word' id='word_1_106' title='bbox 765 1512 923 1579; x_wconf 83' lang='lat' dir='ltr'><strong>regiS,</strong></span> <span class='ocrx_word' id='word_1_107' title='bbox 945 1510 980 1561; x_wconf 85' lang='lat' dir='ltr'><strong>J</strong></span> <span class='ocrx_word' id='word_1_108' title='bbox 983 1510 1191 1561; x_wconf 90' lang='lat' dir='ltr'><strong>ohanne</strong></span> <span class='ocrx_word' id='word_1_109' title='bbox 1210 1509 1369 1560; x_wconf 88' lang='lat' dir='ltr'><strong>Belet</strong></span> <span class='ocrx_word' id='word_1_110' title='bbox 1384 1510 1777 1578; x_wconf 89' lang='lat' dir='ltr'><strong>cognominato,</strong></span> <span class='ocrx_word' id='word_1_111' title='bbox 1806 1509 2054 1561; x_wconf 88' lang='lat' dir='ltr'><strong>clericum</strong></span> <span class='ocrx_word' id='word_1_112' title='bbox 2073 1528 2241 1578; x_wconf 90' lang='lat' dir='ltr'><strong>quen—</strong></span> 
     </span>
     <span class='ocr_line' id='line_1_24' title="bbox 486 1592 2238 1662; baseline 0.002 -17"><span class='ocrx_word' id='word_1_113' title='bbox 486 1595 607 1645; x_wconf 90' lang='lat' dir='ltr'><strong>dam</strong></span> <span class='ocrx_word' id='word_1_114' title='bbox 630 1596 845 1661; x_wconf 88' lang='lat' dir='ltr'><strong>nomine</strong></span> <span class='ocrx_word' id='word_1_115' title='bbox 871 1594 1208 1646; x_wconf 86' lang='lat' dir='ltr'><strong>Willelmum</strong></span> <span class='ocrx_word' id='word_1_116' title='bbox 1235 1594 1299 1645; x_wconf 85' lang='lat' dir='ltr'><strong>de</strong></span> <span class='ocrx_word' id='word_1_117' title='bbox 1327 1592 1477 1657; x_wconf 86' lang='lat' dir='ltr'><strong>Heli,</strong></span> <span class='ocrx_word' id='word_1_118' title='bbox 1504 1613 1535 1645; x_wconf 96' lang='lat' dir='ltr'><strong>a</strong></span> <span class='ocrx_word' id='word_1_119' title='bbox 1561 1594 1758 1662; x_wconf 90' lang='lat' dir='ltr'><strong>quibus</strong></span> <span class='ocrx_word' id='word_1_120' title='bbox 1784 1593 1996 1645; x_wconf 85' lang='lat' dir='ltr'><strong>abbatia</strong></span> <span class='ocrx_word' id='word_1_121' title='bbox 2033 1602 2146 1645; x_wconf 90' lang='lat' dir='ltr'><strong>tota</strong></span> <span class='ocrx_word' id='word_1_122' title='bbox 2183 1603 2238 1649; x_wconf 85' lang='lat' dir='ltr'><strong>et</strong></span> 
     </span>
     <span class='ocr_line' id='line_1_25' title="bbox 484 1678 2235 1747; baseline 0.001 -18"><span class='ocrx_word' id='word_1_123' title='bbox 484 1679 550 1729; x_wconf 91' lang='lat' dir='ltr'><strong>ad</strong></span> <span class='ocrx_word' id='word_1_124' title='bbox 576 1697 691 1730; x_wconf 90' lang='lat' dir='ltr'><strong>eam</strong></span> <span class='ocrx_word' id='word_1_125' title='bbox 715 1678 1041 1747; x_wconf 83' lang='lat' dir='ltr'><strong>pertinentia</strong></span> <span class='ocrx_word' id='word_1_126' title='bbox 1060 1679 1367 1729; x_wconf 87' lang='lat' dir='ltr'><strong>abbreviata</strong></span> <span class='ocrx_word' id='word_1_127' title='bbox 1386 1682 1555 1741; x_wconf 81' lang='lat' dir='ltr'><strong>sunt‚³</strong></span> <span class='ocrx_word' id='word_1_128' title='bbox 1581 1679 1762 1747; x_wconf 90' lang='lat' dir='ltr'><strong>sicque</strong></span> <span class='ocrx_word' id='word_1_129' title='bbox 1790 1697 1932 1729; x_wconf 88' lang='lat' dir='ltr'><strong>curae</strong></span> <span class='ocrx_word' id='word_1_130' title='bbox 1960 1679 2235 1747; x_wconf 86' lang='lat' dir='ltr'><strong>cujusdam</strong></span> 
     </span>
     <span class='ocr_line' id='line_1_26' title="bbox 482 1762 2236 1832; baseline 0.001 -18"><span class='ocrx_word' id='word_1_131' title='bbox 482 1763 650 1832; x_wconf 91' lang='lat' dir='ltr'><strong>ipsius</strong></span> <span class='ocrx_word' id='word_1_132' title='bbox 690 1763 928 1814; x_wconf 86' lang='lat' dir='ltr'><strong>ecclesiae</strong></span> <span class='ocrx_word' id='word_1_133' title='bbox 972 1762 1235 1826; x_wconf 89' lang='lat' dir='ltr'><strong>monachi,</strong></span> <span class='ocrx_word' id='word_1_134' title='bbox 1264 1762 1478 1814; x_wconf 92' lang='lat' dir='ltr'><strong>nomine</strong></span> <span class='ocrx_word' id='word_1_135' title='bbox 1506 1763 1800 1826; x_wconf 88' lang='lat' dir='ltr'><strong>AEilwardi,</strong></span> <span class='ocrx_word' id='word_1_136' title='bbox 1843 1771 1956 1814; x_wconf 88' lang='lat' dir='ltr'><strong>tota</strong></span> <span class='ocrx_word' id='word_1_137' title='bbox 1996 1763 2236 1815; x_wconf 85' lang='lat' dir='ltr'><strong>exterius</strong></span> 
     </span>
     <span class='ocr_line' id='line_1_27' title="bbox 483 1846 2236 1917; baseline 0.001 -19"><span class='ocrx_word' id='word_1_138' title='bbox 483 1847 697 1899; x_wconf 89' lang='lat' dir='ltr'><strong>abbatia</strong></span> <span class='ocrx_word' id='word_1_139' title='bbox 738 1849 804 1899; x_wconf 86' lang='lat' dir='ltr'><strong>ad</strong></span> <span class='ocrx_word' id='word_1_140' title='bbox 843 1855 1056 1917; x_wconf 90' lang='lat' dir='ltr'><strong>tempus</strong></span> <span class='ocrx_word' id='word_1_141' title='bbox 1097 1847 1373 1899; x_wconf 90' lang='lat' dir='ltr'><strong>commissa</strong></span> <span class='ocrx_word' id='word_1_142' title='bbox 1413 1854 1509 1898; x_wconf 87' lang='lat' dir='ltr'><strong>est.</strong></span> <span class='ocrx_word' id='word_1_143' title='bbox 1601 1846 1837 1898; x_wconf 90' lang='lat' dir='ltr'><strong>Demum</strong></span> <span class='ocrx_word' id='word_1_144' title='bbox 1870 1866 1995 1898; x_wconf 91' lang='lat' dir='ltr'><strong>vero</strong></span> <span class='ocrx_word' id='word_1_145' title='bbox 2036 1848 2236 1899; x_wconf 88' lang='lat' dir='ltr'><strong>obortis</strong></span> 
     </span>
     <span class='ocr_line' id='line_1_28' title="bbox 490 1931 2235 2002; baseline 0.001 -20"><span class='ocrx_word' id='word_1_146' title='bbox 490 1931 871 1995; x_wconf 89' lang='lat' dir='ltr'><strong>simultatibus,</strong></span> <span class='ocrx_word' id='word_1_147' title='bbox 912 1931 1110 2000; x_wconf 89' lang='lat' dir='ltr'><strong>quibus</strong></span> <span class='ocrx_word' id='word_1_148' title='bbox 1147 1932 1240 1983; x_wconf 87' lang='lat' dir='ltr'><strong>vix</strong></span> <span class='ocrx_word' id='word_1_149' title='bbox 1277 1940 1372 1983; x_wconf 88' lang='lat' dir='ltr'><strong>aut</strong></span> <span class='ocrx_word' id='word_1_150' title='bbox 1395 1950 1673 2000; x_wconf 86' lang='lat' dir='ltr'><strong>nunquam</strong></span> <span class='ocrx_word' id='word_1_151' title='bbox 1711 1932 2022 2002; x_wconf 89' lang='lat' dir='ltr'><strong>hujusmodi</strong></span> <span class='ocrx_word' id='word_1_152' title='bbox 2059 1951 2235 1984; x_wconf 88' lang='lat' dir='ltr'><strong>carere</strong></span> 
     </span>
     <span class='ocr_line' id='line_1_29' title="bbox 481 2016 2234 2086; baseline 0.001 -19"><span class='ocrx_word' id='word_1_153' title='bbox 481 2025 704 2086; x_wconf 92' lang='lat' dir='ltr'><strong>possunt</strong></span> <span class='ocrx_word' id='word_1_154' title='bbox 750 2016 1089 2078; x_wconf 85' lang='lat' dir='ltr'><strong>mutationeS,</strong></span> <span class='ocrx_word' id='word_1_155' title='bbox 1140 2016 1308 2068; x_wconf 90' lang='lat' dir='ltr'><strong>totius</strong></span> <span class='ocrx_word' id='word_1_156' title='bbox 1351 2017 1587 2068; x_wconf 87' lang='lat' dir='ltr'><strong>ecclesiae</strong></span> <span class='ocrx_word' id='word_1_157' title='bbox 1637 2035 1764 2068; x_wconf 89' lang='lat' dir='ltr'><strong>cura</strong></span> <span class='ocrx_word' id='word_1_158' title='bbox 1810 2017 2068 2086; x_wconf 89' lang='lat' dir='ltr'><strong>praedicto</strong></span> <span class='ocrx_word' id='word_1_159' title='bbox 2126 2035 2234 2068; x_wconf 87' lang='lat' dir='ltr'><strong>ser-</strong></span> 
     </span>
     <span class='ocr_line' id='line_1_30' title="bbox 481 2100 2235 2170; baseline 0.001 -19"><span class='ocrx_word' id='word_1_160' title='bbox 481 2100 649 2152; x_wconf 88' lang='lat' dir='ltr'><strong>vienti</strong></span> <span class='ocrx_word' id='word_1_161' title='bbox 702 2101 842 2169; x_wconf 88' lang='lat' dir='ltr'><strong>regis</strong></span> <span class='ocrx_word' id='word_1_162' title='bbox 891 2100 925 2151; x_wconf 89' lang='lat' dir='ltr'><strong>J</strong></span> <span class='ocrx_word' id='word_1_163' title='bbox 928 2101 1123 2152; x_wconf 88' lang='lat' dir='ltr'><strong>ohanni</strong></span> <span class='ocrx_word' id='word_1_164' title='bbox 1174 2100 1331 2152; x_wconf 90' lang='lat' dir='ltr'><strong>Belet</strong></span> <span class='ocrx_word' id='word_1_165' title='bbox 1378 2101 1668 2169; x_wconf 85' lang='lat' dir='ltr'><strong>delegatur,</strong></span> <span class='ocrx_word' id='word_1_166' title='bbox 1711 2101 1803 2170; x_wconf 92' lang='lat' dir='ltr'><strong>qui</strong></span> <span class='ocrx_word' id='word_1_167' title='bbox 1847 2120 1878 2152; x_wconf 90' lang='lat' dir='ltr'><strong>a</strong></span> <span class='ocrx_word' id='word_1_168' title='bbox 1909 2102 2047 2154; x_wconf 89' lang='lat' dir='ltr'><strong>festo</strong></span> <span class='ocrx_word' id='word_1_169' title='bbox 2089 2102 2235 2153; x_wconf 88' lang='lat' dir='ltr'><strong>beati</strong></span> 
     </span>
     <span class='ocr_line' id='line_1_31' title="bbox 483 2185 2236 2255; baseline 0.002 -19"><span class='ocrx_word' id='word_1_170' title='bbox 483 2185 733 2236; x_wconf 89' lang='lat' dir='ltr'><strong>Nicholai</strong></span> <span class='ocrx_word' id='word_1_171' title='bbox 758 2185 959 2255; x_wconf 89' lang='lat' dir='ltr'><strong>praesul</strong></span> <span class='ocrx_word' id='word_1_172' title='bbox 987 2203 1158 2253; x_wconf 88' lang='lat' dir='ltr'><strong>usque</strong></span> <span class='ocrx_word' id='word_1_173' title='bbox 1194 2185 1261 2235; x_wconf 89' lang='lat' dir='ltr'><strong>ad</strong></span> <span class='ocrx_word' id='word_1_174' title='bbox 1287 2185 1622 2236; x_wconf 90' lang='lat' dir='ltr'><strong>Dominicam</strong></span> <span class='ocrx_word' id='word_1_175' title='bbox 1650 2205 1772 2254; x_wconf 86' lang='lat' dir='ltr'><strong>quae</strong></span> <span class='ocrx_word' id='word_1_176' title='bbox 1802 2185 2006 2237; x_wconf 91' lang='lat' dir='ltr'><strong>Album</strong></span> <span class='ocrx_word' id='word_1_177' title='bbox 2033 2186 2236 2239; x_wconf 88' lang='lat' dir='ltr'><strong>Pascha</strong></span> 
     </span>
     <span class='ocr_line' id='line_1_32' title="bbox 482 2269 2231 2345; baseline 0.002 -25"><span class='ocrx_word' id='word_1_178' title='bbox 482 2269 694 2345; x_wconf 67' lang='lat' dir='ltr'><strong>digitur,</strong></span> <span class='ocrx_word' id='word_1_179' title='bbox 732 2288 903 2338; x_wconf 92' lang='lat' dir='ltr'><strong>usque</strong></span> <span class='ocrx_word' id='word_1_180' title='bbox 950 2289 1057 2338; x_wconf 91' lang='lat' dir='ltr'><strong>quo</strong></span> <span class='ocrx_word' id='word_1_181' title='bbox 1100 2269 1302 2320; x_wconf 89' lang='lat' dir='ltr'><strong>scilicet</strong></span> <span class='ocrx_word' id='word_1_182' title='bbox 1345 2270 1507 2321; x_wconf 88' lang='lat' dir='ltr'><strong>abbas</strong></span> <span class='ocrx_word' id='word_1_183' title='bbox 1542 2270 1780 2321; x_wconf 77' lang='lat' dir='ltr'><strong>ecclesiae</strong></span> <span class='ocrx_word' id='word_1_184' title='bbox 1819 2270 1991 2322; x_wconf 90' lang='lat' dir='ltr'><strong>eidem</strong></span> <span class='ocrx_word' id='word_1_185' title='bbox 2030 2271 2231 2323; x_wconf 89' lang='lat' dir='ltr'><strong>electus</strong></span> 
     </span>
     <span class='ocr_line' id='line_1_33' title="bbox 480 2353 2230 2422; baseline 0.002 -18"><span class='ocrx_word' id='word_1_186' title='bbox 480 2362 577 2417; x_wconf 85' lang='lat' dir='ltr'><strong>est,</strong></span> <span class='ocrx_word' id='word_1_187' title='bbox 628 2373 738 2406; x_wconf 92' lang='lat' dir='ltr'><strong>non</strong></span> <span class='ocrx_word' id='word_1_188' title='bbox 800 2354 882 2405; x_wconf 91' lang='lat' dir='ltr'><strong>sui</strong></span> <span class='ocrx_word' id='word_1_189' title='bbox 931 2354 1101 2422; x_wconf 88' lang='lat' dir='ltr'><strong>gratia</strong></span> <span class='ocrx_word' id='word_1_190' title='bbox 1158 2353 1480 2405; x_wconf 86' lang='lat' dir='ltr'><strong>incommodi</strong></span> <span class='ocrx_word' id='word_1_191' title='bbox 1536 2354 1765 2406; x_wconf 86' lang='lat' dir='ltr'><strong>abbatiae</strong></span> <span class='ocrx_word' id='word_1_192' title='bbox 1825 2355 1992 2411; x_wconf 86' lang='lat' dir='ltr'><strong>totius</strong></span> <span class='ocrx_word' id='word_1_193' title='bbox 2051 2375 2230 2409; x_wconf 87' lang='lat' dir='ltr'><strong>curam</strong></span> 
     </span>
     <span class='ocr_line' id='line_1_34' title="bbox 476 2439 655 2507; baseline 0.011 -17"><span class='ocrx_word' id='word_1_194' title='bbox 476 2439 655 2507; x_wconf 84' lang='lat' dir='ltr'><strong>gessit.</strong></span> 
     </span>
    </p>

    <p class='ocr_par' dir='ltr' id='par_1_7' title="bbox 477 2523 2230 2678">
     <span class='ocr_line' id='line_1_35' title="bbox 552 2523 2230 2595; baseline 0.003 -21"><span class='ocrx_word' id='word_1_195' title='bbox 552 2523 714 2575; x_wconf 91' lang='lat' dir='ltr'><strong>Anno</strong></span> <span class='ocrx_word' id='word_1_196' title='bbox 741 2524 924 2593; x_wconf 89' lang='lat' dir='ltr'><strong>itaque</strong></span> <span class='ocrx_word' id='word_1_197' title='bbox 970 2523 1347 2576; x_wconf 87' lang='lat' dir='ltr'><strong>incarnationis</strong></span> <span class='ocrx_word' id='word_1_198' title='bbox 1374 2524 1598 2576; x_wconf 88' lang='lat' dir='ltr'><strong>Deificae</strong></span> <span class='ocrx_word' id='word_1_199' title='bbox 1639 2525 1720 2578; x_wconf 88' lang='lat' dir='ltr'><strong>M.</strong></span> <span class='ocrx_word' id='word_1_200' title='bbox 1749 2545 1791 2577; x_wconf 89' lang='lat' dir='ltr'><strong>c.</strong></span> <span class='ocrx_word' id='word_1_201' title='bbox 1821 2544 1952 2578; x_wconf 85' lang='lat' dir='ltr'><strong>xxv.</strong></span> <span class='ocrx_word' id='word_1_202' title='bbox 1984 2527 2230 2595; x_wconf 88' lang='lat' dir='ltr'><strong>generale</strong></span> 
     </span>
     <span class='ocr_line' id='line_1_36' title="bbox 477 2609 2228 2678; baseline 0.002 -18"><span class='ocrx_word' id='word_1_203' title='bbox 477 2609 679 2660; x_wconf 88' lang='lat' dir='ltr'><strong>domini</strong></span> <span class='ocrx_word' id='word_1_204' title='bbox 703 2609 841 2677; x_wconf 91' lang='lat' dir='ltr'><strong>regis</strong></span> <span class='ocrx_word' id='word_1_205' title='bbox 869 2609 1094 2661; x_wconf 89' lang='lat' dir='ltr'><strong>Henrici</strong></span> <span class='ocrx_word' id='word_1_206' title='bbox 1134 2628 1230 2678; x_wconf 93' lang='lat' dir='ltr'><strong>per</strong></span> <span class='ocrx_word' id='word_1_207' title='bbox 1267 2609 1400 2660; x_wconf 85' lang='lat' dir='ltr'><strong>fines</strong></span> <span class='ocrx_word' id='word_1_208' title='bbox 1445 2610 1611 2661; x_wconf 92' lang='lat' dir='ltr'><strong>totius</strong></span> <span class='ocrx_word' id='word_1_209' title='bbox 1638 2610 1853 2678; x_wconf 82' lang='lat' dir='ltr'><strong>Angliae</strong></span> <span class='ocrx_word' id='word_1_210' title='bbox 1879 2612 1946 2662; x_wconf 88' lang='lat' dir='ltr'><strong>ad</strong></span> <span class='ocrx_word' id='word_1_211' title='bbox 1973 2610 2228 2663; x_wconf 88' lang='lat' dir='ltr'><strong>Purifica-</strong></span> 
     </span>
    </p>
   </div>
   <div class='ocr_carea' id='block_1_6' title="bbox 206 2692 2227 2764">
    <p class='ocr_par' dir='ltr' id='par_1_8' title="bbox 206 2692 2227 2764">
     <span class='ocr_line' id='line_1_37' title="bbox 206 2692 2227 2764; baseline 0.003 -24"><span class='ocrx_word' id='word_1_212' title='bbox 206 2708 235 2740; x_wconf 80' lang='lat' dir='ltr'><strong>is</strong></span> <span class='ocrx_word' id='word_1_213' title='bbox 268 2709 455 2750; x_wconf 78' lang='lat' dir='ltr'><strong>appointed</strong></span> <span class='ocrx_word' id='word_1_214' title='bbox 478 2692 679 2744; x_wconf 89' lang='lat' dir='ltr'><strong>tionem</strong></span> <span class='ocrx_word' id='word_1_215' title='bbox 705 2702 900 2745; x_wconf 89' lang='lat' dir='ltr'><strong>sanctae</strong></span> <span class='ocrx_word' id='word_1_216' title='bbox 929 2693 1036 2744; x_wconf 90' lang='lat' dir='ltr'><strong>Dei</strong></span> <span class='ocrx_word' id='word_1_217' title='bbox 1075 2694 1348 2762; x_wconf 86' lang='lat' dir='ltr'><strong>genitricis</strong></span> <span class='ocrx_word' id='word_1_218' title='bbox 1393 2694 1586 2746; x_wconf 88' lang='lat' dir='ltr'><strong>Mariae</strong></span> <span class='ocrx_word' id='word_1_219' title='bbox 1630 2696 1934 2764; x_wconf 89' lang='lat' dir='ltr'><strong>divulgatur</strong></span> <span class='ocrx_word' id='word_1_220' title='bbox 1973 2695 2227 2760; x_wconf 88' lang='lat' dir='ltr'><strong>edictum,</strong></span> 
     </span>
    </p>
   </div>
   <div class='ocr_carea' id='block_1_7' title="bbox 205 2750 333 2784">
    <p class='ocr_par' dir='ltr' id='par_1_9' title="bbox 205 2750 333 2784">
     <span class='ocr_line' id='line_1_38' title="bbox 205 2750 333 2784; baseline 0.031 -4"><span class='ocrx_word' id='word_1_221' title='bbox 205 2750 333 2784; x_wconf 81' lang='lat' dir='ltr'><strong>Abbot.</strong></span> 
     </span>
    </p>
   </div>
   <div class='ocr_carea' id='block_1_8' title="bbox 468 2779 2228 3439">
    <p class='ocr_par' dir='ltr' id='par_1_10' title="bbox 468 2779 2228 3439">
     <span class='ocr_line' id='line_1_39' title="bbox 476 2779 2228 2847; baseline 0.003 -20"><span class='ocrx_word' id='word_1_222' title='bbox 476 2785 538 2828; x_wconf 90' lang='lat' dir='ltr'><strong>ut</strong></span> <span class='ocrx_word' id='word_1_223' title='bbox 566 2796 903 2845; x_wconf 80' lang='lat' dir='ltr'><strong>quaecunque</strong></span> <span class='ocrx_word' id='word_1_224' title='bbox 929 2779 1232 2847; x_wconf 90' lang='lat' dir='ltr'><strong>pastoribus</strong></span> <span class='ocrx_word' id='word_1_225' title='bbox 1258 2780 1491 2831; x_wconf 84' lang='lat' dir='ltr'><strong>viduatae</strong></span> <span class='ocrx_word' id='word_1_226' title='bbox 1532 2780 1761 2832; x_wconf 86' lang='lat' dir='ltr'><strong>fuissent</strong></span> <span class='ocrx_word' id='word_1_227' title='bbox 1803 2781 2054 2844; x_wconf 83' lang='lat' dir='ltr'><strong>ecclesiae,</strong></span> <span class='ocrx_word' id='word_1_228' title='bbox 2100 2781 2228 2832; x_wconf 92' lang='lat' dir='ltr'><strong>sibi-</strong></span> 
     </span>
     <span class='ocr_line' id='line_1_40' title="bbox 473 2862 2228 2935; baseline 0.004 -24"><span class='ocrx_word' id='word_1_229' title='bbox 473 2869 584 2912; x_wconf 91' lang='lat' dir='ltr'><strong>met</strong></span> <span class='ocrx_word' id='word_1_230' title='bbox 608 2862 992 2931; x_wconf 89' lang='lat' dir='ltr'><strong>prospicientes</strong></span> <span class='ocrx_word' id='word_1_231' title='bbox 1011 2863 1151 2931; x_wconf 88' lang='lat' dir='ltr'><strong>regis</strong></span> <span class='ocrx_word' id='word_1_232' title='bbox 1171 2864 1229 2914; x_wconf 92' lang='lat' dir='ltr'><strong>in</strong></span> <span class='ocrx_word' id='word_1_233' title='bbox 1248 2864 1609 2916; x_wconf 87' lang='lat' dir='ltr'><strong>transmarinis</strong></span> <span class='ocrx_word' id='word_1_234' title='bbox 1627 2865 1870 2934; x_wconf 87' lang='lat' dir='ltr'><strong>partibus</strong></span> <span class='ocrx_word' id='word_1_235' title='bbox 1889 2866 2228 2935; x_wconf 81' lang='lat' dir='ltr'><strong>praesentiam</strong></span> 
     </span>
     <span class='ocr_line' id='line_1_41' title="bbox 473 2946 2227 3020; baseline 0.003 -23"><span class='ocrx_word' id='word_1_236' title='bbox 473 2946 537 2997; x_wconf 90' lang='lat' dir='ltr'><strong>ad</strong></span> <span class='ocrx_word' id='word_1_237' title='bbox 603 2947 965 3016; x_wconf 90' lang='lat' dir='ltr'><strong>suscipiendos</strong></span> <span class='ocrx_word' id='word_1_238' title='bbox 1026 2948 1277 3016; x_wconf 78' lang='lat' dir='ltr'><strong>praelatos</strong></span> <span class='ocrx_word' id='word_1_239' title='bbox 1327 2967 1423 3017; x_wconf 92' lang='lat' dir='ltr'><strong>per</strong></span> <span class='ocrx_word' id='word_1_240' title='bbox 1459 2949 1676 3000; x_wconf 86' lang='lat' dir='ltr'><strong>idoneos</strong></span> <span class='ocrx_word' id='word_1_241' title='bbox 1726 2950 1935 3001; x_wconf 86' lang='lat' dir='ltr'><strong>adirent</strong></span> <span class='ocrx_word' id='word_1_242' title='bbox 1983 2951 2227 3020; x_wconf 79' lang='lat' dir='ltr'><strong>legatos.4</strong></span> 
     </span>
     <span class='ocr_line' id='line_1_42' title="bbox 476 3030 2227 3103; baseline 0.003 -21"><span class='ocrx_word' id='word_1_243' title='bbox 476 3030 627 3083; x_wconf 90' lang='lat' dir='ltr'><strong>Tunc</strong></span> <span class='ocrx_word' id='word_1_244' title='bbox 673 3040 727 3082; x_wconf 88' lang='lat' dir='ltr'><strong>et</strong></span> <span class='ocrx_word' id='word_1_245' title='bbox 760 3031 923 3101; x_wconf 86' lang='lat' dir='ltr'><strong>hujus</strong></span> <span class='ocrx_word' id='word_1_246' title='bbox 957 3032 1022 3083; x_wconf 81' lang='lat' dir='ltr'><strong>de</strong></span> <span class='ocrx_word' id='word_1_247' title='bbox 1050 3050 1156 3099; x_wconf 90' lang='lat' dir='ltr'><strong>qua</strong></span> <span class='ocrx_word' id='word_1_248' title='bbox 1194 3031 1371 3100; x_wconf 88' lang='lat' dir='ltr'><strong>agitur</strong></span> <span class='ocrx_word' id='word_1_249' title='bbox 1398 3032 1635 3083; x_wconf 88' lang='lat' dir='ltr'><strong>ecclesiae</strong></span> <span class='ocrx_word' id='word_1_250' title='bbox 1674 3033 1738 3083; x_wconf 91' lang='lat' dir='ltr'><strong>de</strong></span> <span class='ocrx_word' id='word_1_251' title='bbox 1767 3033 1919 3085; x_wconf 91' lang='lat' dir='ltr'><strong>Bello</strong></span> <span class='ocrx_word' id='word_1_252' title='bbox 1955 3035 2121 3103; x_wconf 87' lang='lat' dir='ltr'><strong>prior,</strong></span> <span class='ocrx_word' id='word_1_253' title='bbox 2147 3035 2227 3089; x_wconf 85' lang='lat' dir='ltr'><strong>vir</strong></span> 
     </span>
     <span class='ocr_line' id='line_1_43' title="bbox 471 3114 2224 3188; baseline 0.003 -23"><span class='ocrx_word' id='word_1_254' title='bbox 471 3114 784 3184; x_wconf 86' lang='lat' dir='ltr'><strong>magnificus</strong></span> <span class='ocrx_word' id='word_1_255' title='bbox 836 3115 1212 3167; x_wconf 86' lang='lat' dir='ltr'><strong>Hildewardus</strong></span> <span class='ocrx_word' id='word_1_256' title='bbox 1272 3116 1505 3179; x_wconf 90' lang='lat' dir='ltr'><strong>nomine,</strong></span> <span class='ocrx_word' id='word_1_257' title='bbox 1570 3135 1692 3168; x_wconf 91' lang='lat' dir='ltr'><strong>cum</strong></span> <span class='ocrx_word' id='word_1_258' title='bbox 1754 3118 1924 3168; x_wconf 88' lang='lat' dir='ltr'><strong>tribus</strong></span> <span class='ocrx_word' id='word_1_259' title='bbox 1987 3120 2224 3188; x_wconf 83' lang='lat' dir='ltr'><strong>ejusdem</strong></span> 
     </span>
     <span class='ocr_line' id='line_1_44' title="bbox 470 3200 2224 3269; baseline 0.003 -19"><span class='ocrx_word' id='word_1_260' title='bbox 470 3200 776 3251; x_wconf 88' lang='lat' dir='ltr'><strong>monasterii</strong></span> <span class='ocrx_word' id='word_1_261' title='bbox 800 3200 1088 3263; x_wconf 77' lang='lat' dir='ltr'><strong>monachis,</strong></span> <span class='ocrx_word' id='word_1_262' title='bbox 1109 3218 1252 3252; x_wconf 89' lang='lat' dir='ltr'><strong>mare</strong></span> <span class='ocrx_word' id='word_1_263' title='bbox 1280 3201 1539 3252; x_wconf 87' lang='lat' dir='ltr'><strong>transiens</strong></span> <span class='ocrx_word' id='word_1_264' title='bbox 1564 3220 1742 3269; x_wconf 88' lang='lat' dir='ltr'><strong>regem</strong></span> <span class='ocrx_word' id='word_1_265' title='bbox 1769 3202 1917 3266; x_wconf 87' lang='lat' dir='ltr'><strong>adiit,</strong></span> <span class='ocrx_word' id='word_1_266' title='bbox 1946 3203 2224 3255; x_wconf 90' lang='lat' dir='ltr'><strong>concione-</strong></span> 
     </span>
     <span class='ocr_line' id='line_1_45' title="bbox 471 3284 2225 3354; baseline 0.002 -19"><span class='ocrx_word' id='word_1_267' title='bbox 471 3303 574 3352; x_wconf 90' lang='lat' dir='ltr'><strong>que</strong></span> <span class='ocrx_word' id='word_1_268' title='bbox 600 3284 742 3336; x_wconf 87' lang='lat' dir='ltr'><strong>facta</strong></span> <span class='ocrx_word' id='word_1_269' title='bbox 773 3303 873 3335; x_wconf 88' lang='lat' dir='ltr'><strong>rex</strong></span> <span class='ocrx_word' id='word_1_270' title='bbox 912 3285 1131 3335; x_wconf 89' lang='lat' dir='ltr'><strong>consilio</strong></span> <span class='ocrx_word' id='word_1_271' title='bbox 1175 3303 1304 3336; x_wconf 91' lang='lat' dir='ltr'><strong>usus</strong></span> <span class='ocrx_word' id='word_1_272' title='bbox 1344 3284 1724 3354; x_wconf 87' lang='lat' dir='ltr'><strong>archiepiscopi</strong></span> <span class='ocrx_word' id='word_1_273' title='bbox 1753 3284 2056 3338; x_wconf 88' lang='lat' dir='ltr'><strong>Cantuariae</strong></span> <span class='ocrx_word' id='word_1_274' title='bbox 2083 3288 2225 3340; x_wconf 88' lang='lat' dir='ltr'><strong>Wil-</strong></span> 
     </span>
     <span class='ocr_line' id='line_1_46' title="bbox 468 3359 2222 3439; baseline 0.003 -21"><span class='ocrx_word' id='word_1_275' title='bbox 468 3368 629 3432; x_wconf 87' lang='lat' dir='ltr'><strong>lelmi,</strong></span> <span class='ocrx_word' id='word_1_276' title='bbox 657 3388 864 3420; x_wconf 88' lang='lat' dir='ltr'><strong>necnon</strong></span> <span class='ocrx_word' id='word_1_277' title='bbox 891 3377 946 3419; x_wconf 92' lang='lat' dir='ltr'><strong>et</strong></span> <span class='ocrx_word' id='word_1_278' title='bbox 971 3359 1206 3438; x_wconf 88' lang='lat' dir='ltr'><strong>episcopi</strong></span> <span class='ocrx_word' id='word_1_279' title='bbox 1237 3368 1583 3420; x_wconf 88' lang='lat' dir='ltr'><strong>Cicestrensis</strong></span> <span class='ocrx_word' id='word_1_280' title='bbox 1603 3369 1851 3433; x_wconf 87' lang='lat' dir='ltr'><strong>Seifredi,</strong></span> <span class='ocrx_word' id='word_1_281' title='bbox 1882 3371 1975 3439; x_wconf 91' lang='lat' dir='ltr'><strong>qui</strong></span> <span class='ocrx_word' id='word_1_282' title='bbox 2001 3381 2129 3424; x_wconf 91' lang='lat' dir='ltr'><strong>tunc</strong></span> <span class='ocrx_word' id='word_1_283' title='bbox 2155 3373 2222 3425; x_wconf 89' lang='lat' dir='ltr'><strong>ad</strong></span> 
     </span>
    </p>
   </div>
   <div class='ocr_carea' id='block_1_9' title="bbox 467 3485 2219 3657">
    <p class='ocr_par' dir='ltr' id='par_1_11' title="bbox 467 3485 2219 3657">
     <span class='ocr_line' id='line_1_47' title="bbox 526 3485 2219 3552; baseline 0.004 -27"><span class='ocrx_word' id='word_1_284' title='bbox 526 3485 537 3509; x_wconf 84' lang='lat'><strong>¹</strong></span> <span class='ocrx_word' id='word_1_285' title='bbox 560 3485 771 3550; x_wconf 72' lang='lat' dir='ltr'><strong>Memoria</strong></span> <span class='ocrx_word' id='word_1_286' title='bbox 790 3500 801 3537; x_wconf 81' lang='lat'><em>3</em></span> <span class='ocrx_word' id='word_1_287' title='bbox 820 3499 886 3550; x_wconf 32' lang='grc' dir='ltr'><strong>ἐιη</strong></span> <span class='ocrx_word' id='word_1_288' title='bbox 908 3485 1025 3551; x_wconf 75' lang='lat' dir='ltr'><strong>altar,</strong></span> <span class='ocrx_word' id='word_1_289' title='bbox 1048 3500 1094 3527; x_wconf 88' lang='lat' dir='ltr'><strong>or</strong></span> <span class='ocrx_word' id='word_1_290' title='bbox 1116 3485 1280 3552; x_wconf 83' lang='lat' dir='ltr'><strong>chapel.</strong></span> <span class='ocrx_word' id='word_1_291' title='bbox 1439 3487 1453 3511; x_wconf 78' lang='lat'>⁴</span> <span class='ocrx_word' id='word_1_292' title='bbox 1477 3486 1568 3528; x_wconf 90' lang='lat' dir='ltr'><strong>The</strong></span> <span class='ocrx_word' id='word_1_293' title='bbox 1601 3487 1719 3543; x_wconf 84' lang='lat' dir='ltr'><strong>King</strong></span> <span class='ocrx_word' id='word_1_294' title='bbox 1747 3495 1859 3530; x_wconf 87' lang='lat' dir='ltr'><strong>went</strong></span> <span class='ocrx_word' id='word_1_295' title='bbox 1889 3502 1986 3530; x_wconf 85' lang='lat' dir='ltr'><strong>over</strong></span> <span class='ocrx_word' id='word_1_296' title='bbox 2017 3496 2060 3530; x_wconf 89' lang='lat' dir='ltr'><strong>to</strong></span> <span class='ocrx_word' id='word_1_297' title='bbox 2102 3488 2150 3531; x_wconf 95' lang='lat' dir='ltr'>N</span> <span class='ocrx_word' id='word_1_298' title='bbox 2152 3503 2219 3532; x_wconf 90' lang='lat' dir='ltr'><strong>or-</strong></span> 
     </span>
     <span class='ocr_line' id='line_1_48' title="bbox 525 3542 2214 3602; baseline 0.004 -19"><span class='ocrx_word' id='word_1_299' title='bbox 525 3542 540 3564; x_wconf 71' lang='lat'><strong>2</strong></span> <span class='ocrx_word' id='word_1_300' title='bbox 571 3542 883 3585; x_wconf 80' lang='lat' dir='ltr'><strong>“Justlclarlus</strong></span> <span class='ocrx_word' id='word_1_301' title='bbox 910 3550 1043 3586; x_wconf 84' lang='lat' dir='ltr'><strong>totlus</strong></span> <span class='ocrx_word' id='word_1_302' title='bbox 1075 3543 1293 3601; x_wconf 87' lang='lat' dir='ltr'><strong>Anghae.&#39;&#39;</strong></span> <span class='ocrx_word' id='word_1_303' title='bbox 1377 3544 1536 3601; x_wconf 88' lang='lat' dir='ltr'><strong>mandy</strong></span> <span class='ocrx_word' id='word_1_304' title='bbox 1572 3544 1751 3602; x_wconf 85' lang='lat' dir='ltr'><strong>directly</strong></span> <span class='ocrx_word' id='word_1_305' title='bbox 1773 3545 1880 3587; x_wconf 85' lang='lat' dir='ltr'><strong>after</strong></span> <span class='ocrx_word' id='word_1_306' title='bbox 1902 3546 2214 3602; x_wconf 80' lang='lat' dir='ltr'><strong>Whitsuntide‚</strong></span> 
     </span>
     <span class='ocr_line' id='line_1_49' title="bbox 467 3599 2218 3657; baseline 0.004 -17"><span class='ocrx_word' id='word_1_307' title='bbox 467 3599 532 3641; x_wconf 89' lang='lat' dir='ltr'><strong>Cf.</strong></span> <span class='ocrx_word' id='word_1_308' title='bbox 555 3599 791 3655; x_wconf 84' lang='lat' dir='ltr'><strong>Spelman&#39;s</strong></span> <span class='ocrx_word' id='word_1_309' title='bbox 814 3600 954 3643; x_wconf 86' lang='lat' dir='ltr'><strong>Gloss.</strong></span> <span class='ocrx_word' id='word_1_310' title='bbox 978 3616 1018 3657; x_wconf 89' lang='lat' dir='ltr'><strong>p.</strong></span> <span class='ocrx_word' id='word_1_311' title='bbox 1042 3602 1141 3645; x_wconf 87' lang='lat'><strong>337.</strong></span> <span class='ocrx_word' id='word_1_312' title='bbox 1377 3616 1463 3645; x_wconf 87' lang='lat' dir='ltr'><strong>A.D.</strong></span> <span class='ocrx_word' id='word_1_313' title='bbox 1489 3605 1615 3656; x_wconf 83' lang='lat'>1123,</span> <span class='ocrx_word' id='word_1_314' title='bbox 1649 3603 1732 3644; x_wconf 87' lang='lat' dir='ltr'><strong>and</strong></span> <span class='ocrx_word' id='word_1_315' title='bbox 1769 3602 1842 3646; x_wconf 89' lang='lat' dir='ltr'><strong>did</strong></span> <span class='ocrx_word' id='word_1_316' title='bbox 1874 3612 1946 3646; x_wconf 89' lang='lat' dir='ltr'><strong>not</strong></span> <span class='ocrx_word' id='word_1_317' title='bbox 1975 3611 2117 3647; x_wconf 85' lang='lat' dir='ltr'><strong>return</strong></span> <span class='ocrx_word' id='word_1_318' title='bbox 2152 3604 2218 3647; x_wconf 90' lang='lat' dir='ltr'><strong>till</strong></span> 
     </span>
    </p>
   </div>
   <div class='ocr_carea' id='block_1_10' title="bbox 522 3657 1610 3713">
    <p class='ocr_par' dir='ltr' id='par_1_12' title="bbox 522 3657 1610 3713">
     <span class='ocr_line' id='line_1_50' title="bbox 522 3657 1610 3713; baseline 0.005 -15"><span class='ocrx_word' id='word_1_319' title='bbox 522 3657 537 3681; x_wconf 85' lang='lat'>³</span> <span class='ocrx_word' id='word_1_320' title='bbox 558 3657 597 3698; x_wconf 91' lang='lat' dir='ltr'>A</span> <span class='ocrx_word' id='word_1_321' title='bbox 620 3671 836 3713; x_wconf 84' lang='lat' dir='ltr'><strong>summary</strong></span> <span class='ocrx_word' id='word_1_322' title='bbox 852 3658 989 3701; x_wconf 84' lang='lat' dir='ltr'><strong>made.</strong></span> <span class='ocrx_word' id='word_1_323' title='bbox 1284 3704 1286 3707; x_wconf 63' lang='grc'><strong>,</strong></span> <span class='ocrx_word' id='word_1_324' title='bbox 1376 3674 1462 3703; x_wconf 62' lang='grc' dir='ltr'><strong>ΑΛ).</strong></span> <span class='ocrx_word' id='word_1_325' title='bbox 1484 3663 1610 3703; x_wconf 80' lang='lat'>1126.</span> 
     </span>
    </p>
   </div>
  </div>
 </body>
</html>
