2398 4152
497 440 604 504 112
998 460 1281 500 HISTORIA
1318 458 1737 515 ‘FUNDATIONIS

496 587 627 657 quid
666 587 731 637 de
776 585 892 654 ejus
937 582 1255 646 substantia,
1297 589 1360 650 ut
1385 581 1528 636 credi
1568 588 1767 650 potest,
1802 577 2125 631 monasterio
2148 577 2252 638 sud,
2279 576 2316 626 {1³

494 670 724 724 conferri
773 669 1069 738 cupientes,
1119 686 1243 736 rege
1294 666 1459 730 adito,
1505 665 1728 717 tollendi
1772 673 1828 717 et
1866 664 2011 734 apud
2050 681 2105 714 se
2145 662 2255 725 hu-ff
2283 682 2307 732 'j

494 755 676 808 mandi
717 754 937 806 cadaver
976 753 1123 804 illius
1159 751 1432 803 licentiam
1479 751 1828 820 quaesierunt.
1905 749 2120 803 Quibus
2149 764 2251 807 rex
2276 735 2296 796 ι’.-

496 841 751 893 affectum
798 858 957 891 suum
982 837 1121 889 circa
1163 856 1287 895 eum
1323 836 1424 887 hoc
1466 837 1625 891 modo
1670 835 1966 897 insinuans,
2007 838 2040 864 “
2066 829 2248 895 ΜθειιξῗΔ

495 926 693 994 inquit,
736 929 770 953 “
797 924 902 977 erit
944 925 1059 993 ejus
1104 924 1416 983 substantia,
1460 929 1696 974 vestrum
1724 920 1803 977 *sit
1851 922 1968 990 ejus
2012 917 2258 981 cadaver„

498 1013 803 1064 daemonum
827 1010 1025 1062 inferni
1050 1010 1227 1062 anima
1252 1010 1438 1080 ipsius.
1444 1010 1472 1029 '⁹
1525 1009 1666 1061 Ecce
1692 1008 1920 1060 dolenda
1942 1003 2250 1068 retributio,

498 1116 619 1148 ecce
646 1106 755 1148 tam
779 1095 863 1147 sui
891 1114 1051 1164 quam
1076 1095 1392 1148 substantiae
1419 1113 1530 1146 suae
1556 1093 1878 1163 miserabilis
1897 1091 2040 1148 facta
2076 1087 2253 1141 distri.-

496 1181 682 1235 butio!
778 1168 956 1231 Datur
996 1180 1122 1232 hinc
1167 1161 1532 1249 quarumlibet
1568 1186 1897 1249 potestatum
1937 1173 2254 1234 officialibus
2303 1176 2362 1243 ’ῥ’

498 1266 601 1318 sibi
625 1265 962 1336 praecavendi
987 1266 1227 1329 materia,
1256 1266 1385 1316 dum
1408 1265 1552 1316 hunc
1581 1264 1645 1315 de
1690 1282 1798 1333 quo
1834 1280 2006 1313 sermo
2051 1267 2134 1312 est
2173 1266 2258 1314 at-
2316 1278 2322 1331 3

499 1352 769 1405 tenderint
808 1369 879 1402 ex
919 1350 1265 1418 malignitatis
1291 1369 1403 1401 suae
1449 1348 1720 1418 operibUS,
1763 1367 1794 1403 a
1832 1365 1958 1414 rege
1999 1344 2088 1397 cui
2136 1342 2262 1413 Pla*
2306 1363 2315 1405 ς

497 1456 617 1489 cere
668 1435 895 1498 studuit,
946 1434 1084 1485 nihil
1131 1435 1423 1503 gratiarum
1481 1441 1577 1484 aut
1624 1432 1755 1484 boni
1798 1432 2021 1487 affectus
2070 1448 2254 1482 conse·

497 1532 684 1573 cutum
724 1538 856 1582 esse,
896 1521 988 1571 sed
1032 1527 1088 1570 et
1137 1517 1370 1570 coelestis
1420 1517 1588 1586 Regis
1646 1517 1901 1570 offensam
1948 1515 2251 1572 incurrisse,
2289 1543 2313 1556 ω

499 1606 605 1659 His
645 1606 831 1674 igitur,
876 1624 1000 1674 quae
1045 1622 1142 1673 per
1181 1603 1565 1671 digressionem
1610 1601 1866 1664 diximus,
1902 1619 1966 1653 eo
2013 1600 2161 1670 quod
2184 1598 2255 1659 ad

498 1710 612 1743 rem
654 1690 831 1741 minus
873 1697 1111 1759 spectare
1145 1688 1412 1751 videntur,
1453 1687 1677 1750 omissis,
1719 1687 1786 1738 ad
1811 1705 1874 1737 ea
1899 1704 2021 1755 quae
2047 1685 2113 1741 de
2138 1684 2254 1741 viro

495 1776 790 1830 venerabili
814 1776 1008 1827 abbate
1034 1774 1280 1826 Waltero
1308 1781 1512 1825 restant
1536 1764 1759 1825 dicenda
1784 1772 2080 1825 redeamus.
2147 1769 2257 1826 Sed
2315 1810 2317 1815 -

501 1862 756 1931 quoniam
774 1861 997 1913 ecclesia
1031 1860 1199 1912 sancti
1236 1859 1466 1911 Martini
1501 1859 1565 1910 de
1607 1858 1782 1921 Bello,
1811 1857 1951 1909 sicut
1988 1863 2044 1908 et
2069 1874 2256 1926 quam÷=
2289 1866 2310 1921 51

494 1948 680 2017 plures
727 1965 825 2016 per
878 1943 1136 2015 Angliam
1194 1944 1432 1996 ecclesiae
1491 1942 1804 1996 hostilitatis
1863 1950 2104 2011 tempore
2156 1939 2257 1995 sub
2392 1950 2393 1954 ’

496 2052 621 2101 rege
659 2031 952 2100 Stephano,
995 2049 1092 2081 suo
1126 2030 1250 2099 jure
1294 2028 1670 2099 multipliciter
1704 2036 1785 2080 est
1824 2027 2066 2097 spoliata,
2110 2025 2257 2095 quod
2388 2027 2398 2092 J

496 2117 756 2168 redeunte
808 2116 1154 2186 postmodum
1200 2133 1331 2184 pace
1380 2115 1479 2166 sub
1519 2113 1800 2183 magnifico
1837 2131 1960 2181 rege
2013 2096 2255 2166 Henrico
2304 2102 2317 2155 Ᾰ
2387 2119 2398 2180 ξ

497 2202 749 2265 secund0,
793 2221 890 2271 per
935 2201 1177 2271 ejusdem
1216 2200 1424 2251 abbatis
1468 2199 1788 2251 industriam
1829 2209 1909 2250 est
1950 2203 2253 2260 consecuta,
2303 2190 2321 2248 ῥ’

497 2305 708 2338 necesse
737 2295 818 2338 est
841 2286 897 2337 in
925 2285 1148 2354 singulis
1172 2285 1333 2336 rebus
1357 2285 1590 2337 breviter
1616 2282 2030 2351 summatimque
2049 2282 2255 2351 justam
2304 2291 2313 2351 j

495 2371 740 2442 inprimis
801 2370 1206 2440 possessionem,
1258 2369 1621 2439 injustamque
1670 2368 2014 2438 postmodum
2060 2364 2255 2435 spolia,
2296 2365 2306 2378 ⁷
2392 2405 2395 2408 .

496 2455 698 2508 tionem
721 2456 1035 2524 frequenter
1074 2455 1142 2506 ad
1184 2455 1462 2524 praeterita
1497 2463 1739 2524 tempora
1771 2452 2092 2504 recurrendo
2127 2451 2256 2503 insi·
2318 2451 2320 2455 ’
2380 2499 2388 2524 z

493 2559 679 2604 nuare,
731 2549 795 2591 ut
836 2540 894 2592 in
935 2540 1296 2591 restitutionis
1341 2539 1662 2591 executione
1705 2538 1877 2608 possit
1914 2555 1998 2589 res
2037 2535 2255 2607 plenius
2301 2587 2314 2608 4
2382 2566 2388 2600 ,¹

494 2626 808 2678 elucescere.

569 2708 847 2779 Superiori
892 2709 1161 2777 digestum
1204 2717 1285 2760 est
1323 2708 1668 2773 narratione,¹
1694 2708 2033 2761 Willelmum
2071 2725 2253 2777 regem

492 2795 666 2847 incliti
691 2794 831 2862 regis
857 2793 1124 2845 Willelmi
1153 2792 1369 2862 Angliae
1398 2794 1794 2862 conquisitoris,
1841 2802 1897 2845 et
1922 2792 2161 2844 ecclesiae
2187 2792 2252 2844 de
2310 2805 2311 2810 ’
2385 2862 2389 2869 A

495 2880 652 2932 Bello
717 2877 1018 2930 fundatoris
1086 2878 1278 2940 filium,
1340 2877 1667 2929 dedicationi
1726 2879 1967 2947 ejusdem
2016 2877 2252 2929 ecclesiae

493 2964 819 3027 interfuisse,
866 2963 1025 3032 eique
1067 2962 1125 3013 in
1168 2964 1349 3014 dotem
1387 2963 1643 3030 quasdam
1682 2962 1931 3014 ecclesias
1980 2962 2038 3013 in
2081 2962 2252 3014 fundo
2298 2964 2311 3023 ζ.

495 3049 719 3102 dominii
759 3048 842 3099 sui
884 3047 943 3098 in
984 3044 1352 3110 Northfolkia,
1402 3046 1733 3111 Suthfolkia,
1774 3056 1830 3098 et
1855 3046 2086 3099 Essexia
2125 3047 2253 3114 sitas
2304 3074 2308 3093 .-

494 3134 829 3196 concessisse,
877 3133 954 3183 ita
1010 3132 1229 3201 quidem
1290 3141 1354 3183 ut
1401 3132 1643 3201 personis
1693 3132 2076 3184 decedentibus
2127 3149 2252 3202 quae
2370 3119 2380 3179 '2

492 3220 642 3289 prius
683 3218 949 3271 institutae
994 3226 1161 3280 erant,
1201 3218 1266 3268 de
1308 3225 1502 3269 caetero
1546 3225 1656 3268 tam
1697 3225 2012 3286 personatus
2051 3237 2252 3282 earum,
2303 3261 2309 3266 .

494 3323 657 3374 quam
699 3313 754 3355 et
795 3303 1006 3354 fructus
1047 3321 1118 3353 ex
1163 3302 1238 3353 eis
1277 3302 1670 3372 provenienteS,
1712 3302 1949 3354 ecclesiae
1990 3303 2055 3353 de
2097 3302 2252 3355 Bello
2306 3306 2310 3366 j·

492 3388 881 3459 perpetualiter
916 3388 1182 3439 cederent.
1263 3387 1511 3441 Quarum
1549 3403 1793 3456 personae
1819 3406 1941 3439 cum
1983 3406 2156 3457 usque
2184 3387 2254 3440 ad

492 3472 807 3527 hostilitatis
834 3488 958 3542 quae
985 3480 1099 3523 erat
1127 3472 1226 3524 sub
1261 3491 1386 3540 rege
1414 3471 1689 3542 Stephano
1716 3480 1974 3545 tempora,
2019 3491 2090 3523 ex
2128 3471 2254 3546 plu·
2306 3486 2314 3506 ··

1258 3637 1270 3661 ¹
1302 3637 1382 3697 See
1402 3652 1444 3694 p.
1459 3608 1551 3680 41(
