2398 4152
634 468 998 509 MONASTERII
1034 468 1114 509 DE
1139 469 1360 509 *BELLQ
1771 458 1873 508 143

142 609 372 654 suarum,
398 591 779 658 fructuumque
805 610 875 643 ex
895 591 970 642 eis
996 590 1422 659 provenientium
1455 597 1721 658 potestate
1746 607 1874 640 mox

143 674 413 743 spoliatus·
489 673 641 727 Quot
678 674 1012 742 passionibus
1055 692 1150 724 sex
1196 674 1350 724 exilii
1390 673 1472 724 sui
1514 672 1664 723 annis
1699 673 1875 740 subja-

143 758 327 820 cuerit,
367 776 462 826 per
499 758 766 808 neminem
807 766 1003 826 praeter
1044 757 1217 825 ipsum
1243 757 1423 825 potuit
1461 756 1706 824 exprimi,
1750 757 1876 824 quia

46 911 47 914 Ἴ
142 860 296 892 nemo
343 848 537 909 praeter
582 841 757 910 ipsum
804 841 992 892 habuit
1055 841 1305 909 experiri.
1404 841 1554 891 Inter
1601 841 1877 891 innumera

44 923 73 940 ²
142 924 343 992 flagitia
373 923 474 975 sibi
507 925 792 975 enormiter
830 924 993 987 illata,
1020 924 1119 974 hoc
1155 924 1366 974 videtur
1389 924 1872 990 flagitiosissimum,

145 1008 287 1075 quod
339 1026 460 1058 cum
502 1007 616 1075 ipse
659 1007 716 1058 in
754 1025 980 1075 persona
1015 1007 1230 1075 propria
1269 1007 1474 1057 deesset
1507 1007 1571 1056 ad
1604 1007 1870 1075 injuriam,

144 1091 341 1141 exarsit
370 1089 664 1158 indignatio
705 1090 763 1140 in
800 1090 1095 1140 universam
1134 1091 1249 1157 ejus
1283 1089 1684 1156 cognationem.¹
1760 1089 1873 1140 Ad-
1895 1106 2061 1153 Bpmishes
2084 1106 2142 1137 the

143 1172 269 1224 dicti
319 1181 443 1223 sunt
491 1172 754 1241 siquidem
819 1172 1208 1240 praescriptioni
1279 1180 1548 1240 quotquot
1593 1172 1872 1223 videbatur
1893 1147 2104 1220 ξῖιῖῗῖἰῶἶῐᾏῗ

142 1256 334 1308 habere
359 1256 686 1325 propinquos
712 1263 766 1307 et
790 1256 1077 1318 benivolOS,
1105 1274 1225 1306 cum
1251 1255 1412 1306 exule
1444 1255 1647 1318 exuleS,
1671 1264 1725 1306 et
1751 1272 1872 1324 quae
1894 1229 2033 1262 Beeloet'

143 1341 318 1392 deesse
342 1340 656 1391 videbantur
694 1339 998 1407 passionum
1037 1340 1152 1408 ejus
1193 1339 1524 1406 passionibus
1558 1339 1666 1390 suis
1709 1339 1875 1391 adim-

143 1424 365 1492 plentes.
440 1423 574 1475 Erat
605 1423 724 1475 visu
763 1423 988 1474 nimium
1029 1422 1348 1485 miserabile,
1388 1423 1514 1472 dum
1557 1442 1665 1473 non
1707 1424 1872 1487 aetati,

144 1525 252 1560 non
289 1508 460 1570 sexui,
504 1526 613 1558 non
638 1507 927 1558 conditioni
951 1506 1190 1574 pepercit
1215 1514 1362 1556 tanta
1400 1506 1698 1568 crudelitaS,
1735 1525 1875 1557 com-

144 1591 309 1660 pulsis
353 1591 532 1658 egredi
571 1589 954 1658 pregnantibus
996 1608 1117 1640 cum
1155 1589 1389 1658 parvulis
1426 1590 1784 1658 pendentibus
1809 1590 1875 1641 ad

147 1675 325 1737 ubera,
360 1674 648 1743 juvenibus
686 1673 846 1723 etiam
884 1692 1004 1723 cum
1037 1673 1298 1723 veteranis
1335 1673 1527 1724 baculo
1565 1673 1874 1741 regentibus

145 1756 379 1806 membra
393 1754 603 1806 debilia.
660 1754 835 1806 Exilii
850 1773 987 1805 anno
1003 1755 1228 1822 septimo
1242 1756 1352 1823 jam
1369 1755 1615 1806 inchoato
1634 1756 1775 1806 visus
1795 1765 1875 1807 est

147 1857 269 1889 eum
282 1857 381 1889 rex
394 1837 653 1906 recepisse
671 1837 727 1888 in
742 1838 981 1905 gratiam,
994 1838 1382 1906 reformataque
1400 1839 1732 1906 specietenus
1746 1859 1874 1907 pace

147 1921 459 1990 permisisse,
505 1921 756 1988 quatinus
799 1921 1024 1972 exilium
1062 1921 1234 1989 patria
1275 1931 1616 1986 commutans,
1658 1924 1874 1991 pacifice

147 2013 404 2055 remearet
447 2004 504 2055 in
546 2003 815 2072 Angliam.
910 2004 1228 2073 Repatrians
1270 2004 1451 2071 itaque
1492 2007 1875 2074 patriarchatus

149 2087 231 2138 sui
256 2088 388 2139 adiit
413 2087 703 2149 ecclesiam,
742 2088 998 2156 promissa
1029 2106 1158 2156 pace
1183 2087 1290 2139 frui
1317 2089 1552 2156 cupiens,
1579 2109 1675 2140 nec
1700 2099 1877 2142 tamen

149 2172 454 2240 promissam
487 2171 776 2223 invenienS.
851 2170 967 2223 Vix
1015 2171 1157 2222 enim
1190 2190 1285 2240 per
1322 2190 1554 2223 mensem
1577 2173 1633 2224 in
1659 2174 1879 2225 ecclesia

151 2273 244 2306 sua
277 2255 559 2317 resederat,
587 2262 642 2304 et
666 2273 785 2305 ecce
810 2254 1205 2322 insurgentibus
1245 2255 1302 2305 in
1328 2274 1450 2306 eum
1474 2256 1595 2306 1111οΥ
1617 2257 1877 2309 militibus

151 2356 182 2389 a
206 2339 350 2389 curia
386 2338 532 2405 regia
555 2338 908 2400 venientibUS,
936 2356 1043 2388 non
1084 2338 1202 2388 dico
1233 2339 1422 2402 missis,
1449 2340 1504 2391 in
1540 2340 1758 2391 ecclesia
1781 2360 1877 2409 pro

151 2421 366 2472 ecclesia
388 2422 687 2490 perimitur,
714 2429 892 2490 pastor
916 2421 1168 2484 ecclesiae,
1197 2441 1227 2472 a
1249 2424 1569 2489 regeneratis
1594 2423 1648 2473 in
1669 2424 1880 2475 Christo

152 2513 205 2556 et
229 2505 463 2567 ecclesia,
505 2506 616 2573 jam
642 2512 817 2555 tamen
843 2512 992 2555 tanto
1019 2505 1294 2555 commisso
1318 2506 1520 2573 flagitio
1546 2507 1787 2559 alienatis
1812 2508 1877 2560 ab

149 2588 388 2642 ecclesia.
464 2587 652 2639 Terras
679 2587 900 2638 celerius
925 2588 1204 2655 percurrit,
1248 2589 1411 2639 maria
1436 2591 1720 2657 pertransit
1742 2590 1882 2642 fama

152 2678 258 2722 tam
295 2670 521 2722 enormis
561 2671 786 2732 sceleriS,
830 2679 885 2721 et
910 2671 1133 2722 clamore
1161 2672 1224 2722 de
1250 2673 1403 2722 terris
1428 2674 1493 2723 ad
1518 2674 1680 2724 coelos
1705 2693 1882 2725 ascen-

154 2754 329 2818 dente,
370 2773 498 2805 mox
531 2755 827 2805 ostenditur
859 2755 923 2805 de
963 2763 1131 2806 morte
1157 2755 1399 2822 praesulis
1425 2757 1570 2824 quod
1594 2757 1663 2807 sit
1687 2766 1883 2826 marty-

153 2837 307 2901 rium,
348 2838 550 2906 ubique
577 2846 835 2889 terrarum
876 2838 1219 2889 choruscante
1263 2839 1568 2906 frequentia
1606 2841 1884 2895 miraculo-

156 2939 287 2973 rum.
339 2921 639 2973 Videbatur
656 2921 862 2972 interea
879 2932 1078 2990 martyr
1098 2922 1335 2986 Domini,
1358 2920 1518 2974 immo
1536 2943 1632 2993 pro
1654 2933 1882 2992 martyre

157 3023 250 3056 suo
294 3005 558 3057 Dominus
601 3005 812 3057 innoxii
861 3006 1130 3074 sanguinis
1173 3006 1431 3058 ultionem
1472 3027 1726 3075 quaerere,
1764 3027 1883 3059 cum

157 3106 251 3139 rex
289 3090 425 3157 regis
458 3090 601 3141 filius
639 3090 695 3140 in
742 3108 921 3156 regem
957 3098 1162 3158 patrem
1206 3109 1362 3142 suum
1404 3092 1698 3159 insurgens,
1742 3111 1882 3155 eum,

161 3173 559 3242 quampluribus
630 3191 909 3241 procerum
966 3174 1115 3241 regni
1177 3176 1643 3237 consentientibUS,
1703 3176 1884 3227 multis

160 3255 317 3306 etiam
366 3275 521 3324 opem
561 3257 954 3325 praestantibus,
999 3276 1163 3324 regno
1204 3267 1420 3308 conatus
1474 3268 1553 3310 est
1596 3260 1881 3328 expellere.

162 3335 292 3388 Erat
328 3338 493 3406 igitur
529 3347 679 3407 pater
716 3339 859 3389 omni
900 3340 1187 3390 destitutus
1232 3342 1449 3392 consilio
1490 3351 1651 3411 atque
1677 3344 1881 3409 solatio,

219 3477 231 3502 ¹
265 3477 315 3543 In
354 3478 425 3520 the
466 3478 688 3520 collection
729 3478 776 3519 of
819 3478 979 3534 Lupus,
1068 3481 1346 3536 monstrating
1375 3496 1428 3523 on
1449 3482 1533 3525 this
1564 3485 1699 3526 actos
1725 3485 1887 3543 cruclty

163 3533 277 3576 there
297 3550 333 3577 13
354 3535 515 3577 aletter
531 3535 769 3588 addressed,
791 3535 848 3589 by
862 3551 978 3578 some
1067 3537 1149 3579 and
1171 3538 1381 3592 injustice.

164 3591 366 3635 nameless
387 3593 547 3647 author,
569 3600 612 3635 to
645 3593 793 3649 Henry
817 3593 893 3648 II.‚
915 3608 977 3635 re-
