2398 4152
690 457 1055 500 MONAs'rERn
1099 457 1180 497 DE
1222 456 1425 497 BELLO.
1847 437 1911 495 ‘75

186 589 366 634 autem
405 580 624 632 audiens
661 579 780 632 illos
817 580 955 632 inter
997 598 1051 632 se
1088 579 1459 648 discrepantes,
1499 575 1686 628 retulit
1722 583 1917 627 cartam

186 665 391 717 abbatis
431 664 555 715 inde
582 664 852 716 discedens
893 665 949 715 in
972 663 1226 732 capellam
1258 662 1414 730 regis,
1452 679 1674 729 eamque
1709 659 1786 710 ibi
1812 677 1918 710 ser-

186 748 408 800 vandam
443 747 606 816 juxta
642 747 781 816 regis
819 755 1148 816 praeceptum
1172 745 1413 797 tradidit:
1454 744 1615 795 abbas
1639 761 1762 795 vero
1787 742 1916 794 ami-

187 851 369 884 corum
402 849 619 883 suorum
655 848 782 882 usus
821 830 1057 893 consilio,
1103 830 1170 881 ad
1206 828 1420 897 propria
1450 845 1690 878 reversus
1716 834 1812 889 est,
1839 824 1917 875 nil

189 916 254 967 de
304 914 412 965 Dei
459 914 739 984 desperans
783 913 1003 966 auxilio.
1077 912 1377 981 Episcopus
1424 911 1581 962 laetus
1631 918 1686 961 et
1734 909 1917 960 hilaris

189 999 406 1050 effectus
431 1006 527 1060 est,
556 998 799 1066 sperabat
823 997 964 1048 enim
989 996 1237 1048 abbatem
1262 994 1644 1062 ecclesiamque
1671 994 1735 1044 de
1763 992 1917 1043 Bello

189 1093 347 1138 cartae
373 1100 484 1135 suae
510 1084 723 1135 omnino
748 1084 1141 1135 confirmatione
1157 1081 1368 1150 privari.
1442 1080 1647 1133 Verum
1672 1087 1734 1130 ut
1759 1078 1919 1146 scrip-

190 1177 312 1221 tura
327 1175 570 1230 testatur,
599 1170 634 1194 “
647 1166 827 1218 Homo
843 1166 1111 1235 proponit,
1129 1165 1281 1216 Deus
1300 1172 1479 1215 autem
1497 1162 1731 1231 disponit
1743 1161 1788 1224 ;”
1814 1181 1920 1212 non

190 1269 374 1321 passus
412 1259 493 1303 est
519 1250 762 1303 Christus
802 1250 1074 1302 ecclesiam
1099 1267 1246 1300 suam
1271 1247 1506 1315 antiquis
1544 1246 1652 1297 suis
1678 1254 1734 1296 et
1760 1244 1922 1314 justi's

192 1354 366 1388 carere
409 1333 715 1404 privilegiis,
759 1334 851 1385 sed
889 1352 984 1385 sua
1024 1331 1384 1402 praeveniente
1409 1329 1766 1381 misericordia
1791 1337 1922 1380 tem-

191 1438 319 1490 pore
346 1418 396 1469 ei
422 1426 722 1487 opportuno
745 1417 803 1468 in
825 1417 1017 1468 melius
1041 1415 1295 1467 restituit.

264 1503 469 1554 Eodem
511 1502 693 1568 itaque
735 1520 873 1552 anno
916 1502 973 1552 in
1015 1509 1254 1568 tempore
1303 1497 1544 1550 Paschali
1581 1497 1797 1565 quidam
1849 1514 1919 1547 ex
1940 1520 1992 1559 By
2006 1516 2161 1550 occasion

195 1585 411 1654 Angliae
455 1584 726 1635 nobilibus
753 1583 918 1651 Hugo
957 1584 1020 1635 de
1047 1583 1438 1633 Mortuo-mare
1475 1581 1803 1648 cognomine,
1842 1580 1921 1630 vir
1938 1561 2058 1632 {3233}
2067 1558 2188 1639 {3332

194 1669 398 1739 pollens
422 1668 641 1731 viribus,
683 1668 775 1718 sed
811 1667 981 1718 multo
1023 1666 1253 1717 maxime
1291 1664 1506 1732 ingenio
1539 1664 1760 1726 validus,
1786 1681 1923 1731 prae-
1941 1641 2191 1721 iiiiissr‘ffftiissm‘

197 1753 341 1804 dives
385 1751 593 1820 opibus,
650 1751 868 1801 militari
922 1750 1136 1818 negotio
1203 1756 1467 1810 strenuus,
1512 1765 1690 1814 regem
1733 1753 1922 1814 utpote
1943 1725 2060 1798 3122ssss
2074 1722 2167 1795 {ionds

198 1835 584 1887 adolescentem
645 1835 867 1902 ejusque
927 1833 1242 1884 industriam
1302 1830 1656 1899 indignationi
1707 1830 1923 1889 habenS,
1943 1806 2131 1890 Ῑῖἐῗιῗξῗὼθ

200 1919 379 1970 castris
404 1917 512 1968 suis
537 1918 758 1968 munitis
784 1918 1021 1986 ejusdem
1053 1915 1287 1984 imperiis
1328 1933 1381 1965 se
1423 1932 1624 1981 suaque
1666 1911 1927 1963 summitti

198 2001 482 2053 refutabat.
581 2000 663 2051 Ea
687 2019 810 2051 vero
842 2008 1126 2069 postquam
1163 1999 1277 2066 regi
1318 1997 1595 2048 enuntiata
1635 2004 1776 2059 sunt,
1805 2014 1928 2046 con-

200 2092 414 2153 gregata
436 2084 669 2135 militum
691 2083 1036 2135 multitudine
1061 2101 1169 2133 non
1193 2081 1413 2143 modica,
1437 2080 1612 2148 ipsum
1640 2079 1928 2147 Hugonem

199 2169 255 2220 in
281 2168 510 2236 quodam
536 2175 704 2218 castro
727 2186 823 2218 suo
840 2167 1047 2234 Bregge
1067 2173 1083 2201 1
1110 2166 1322 2216 nomine
1351 2164 1575 2225 obsedit,
1603 2163 1847 2231 valloque
1874 2170 1928 2213 et

203 2252 383 2303 castris
425 2251 663 2319 undique
707 2249 1070 2311 circumdedit,
1117 2266 1432 2314 omnemque
1486 2247 1565 2296 illi
1624 2246 1928 2314 egrediendi

202 2354 349 2404 spem
374 2335 548 2385 omine
573 2341 780 2384 mutato
804 2332 1118 2384 interclusit.
1195 2331 1379 2382 Abbas
1406 2338 1585 2381 autem
1619 2338 1829 2397 tempus
1867 2338 1930 2379 ut

204 2419 305 2471 sibi
330 2427 385 2470 et
408 2417 587 2469 amicis
612 2417 720 2468 suis
745 2417 917 2467 visum
942 2424 1022 2466 est
1047 2423 1407 2483 opportunum
1426 2420 1630 2474 nactUS,
1651 2431 1827 2479 regem
1852 2411 1929 2462 ibi

204 2503 349 2565 adiit,
377 2509 449 2564 et,
470 2509 533 2552 ut
556 2501 613 2551 in
639 2500 734 2551 tali
760 2501 911 2550 decet
924 2499 1156 2566 negotio,
1174 2497 1484 2547 muneribus
1505 2496 1612 2546 suis
1632 2496 1928 2557 honoravit,

205 2595 365 2654 atque
393 2603 549 2653 super
574 2592 716 2635 carta
741 2602 835 2635 sua
860 2584 1032 2633 eidem
1059 2600 1351 2632 sermonem
1388 2579 1588 2631 intulit.
1665 2578 1930 2647 Accepto-

207 2688 311 2738 que
337 2687 368 2719 a
391 2686 513 2735 rege
539 2685 789 2735 responso
816 2685 973 2734 super
996 2665 1095 2716 hoc
1123 2663 1342 2733 optimo,
1370 2663 1436 2713 ad
1476 2662 1728 2730 quasdam
1767 2670 1931 2713 terras

207 2770 325 2804 suas
346 2752 507 2820 juxta
530 2751 797 2819 regionem
821 2750 966 2800 illam
992 2750 1116 2799 sitas
1147 2749 1213 2798 ad
1246 2754 1456 2815 tempus
1489 2746 1931 2814 perendinaturus

208 2835 439 2887 secessit.
531 2834 697 2884 Haud
738 2832 908 2883 multo
951 2831 1291 2900 postmodum
1337 2836 1574 2897 tempore
1616 2847 1715 2880 rex
1757 2829 1932 2897 ipsum

210 2919 496 2988 Hugonem
538 2917 605 2969 ad
647 2917 971 2968 deditionem
1018 2915 1207 2983 coegit,
1253 2914 1504 2965 mandans
1546 2932 1642 2982 per
1681 2912 1933 2980 Angliam

209 3002 501 3053 universam
525 3000 959 3069 archiepiscOPOS,
988 2999 1277 3067 episcopos,
1306 3006 1361 3048 et
1385 2997 1634 3047 abbatum
1658 2996 1932 3064 plurimos,

211 3085 427 3136 comites
452 3093 506 3136 et
528 3085 750 3135 barones
775 3084 1066 3144 universos,
1098 3090 1286 3148 quarto
1328 3081 1412 3131 die
1451 3080 1782 3147 praecedente
1832 3079 1936 3128 fes-

210 3177 325 3219 tum
364 3167 530 3219 sancti
571 3167 853 3218 Benedicti
894 3165 1064 3216 aestivi
1106 3163 1358 3232 temporis
1403 3163 1601 3212 ibidem
1641 3162 1934 3212 convenire.

218 3251 430 3305 Quibus
455 3251 801 3319 congregatis,
837 3268 946 3317 pax
985 3249 1125 3299 inter
1163 3265 1341 3314 regem
1381 3256 1435 3296 et
1476 3244 1764 3311 Hugonem
1800 3245 1939 3295 facta

268 3366 279 3390 ¹
314 3366 348 3409 I.
366 3381 402 3409 e.
425 3364 720 3422 Bridgenorth,
740 3379 785 3406 01·
803 3363 1029 3418 Cleobury,
1116 3362 1159 3403 in
1180 3361 1252 3403 the
1278 3359 1413 3402 hands
1439 3359 1486 3401 of
1510 3359 1582 3401 the
1604 3359 1719 3415 King
1739 3359 1801 3401 for
1816 3359 1939 3401 hum-

212 3423 433 3479 according
447 3431 491 3465 to
510 3423 901 3465 Triv.Ann.1155.
963 3420 1032 3461 Hc
1116 3419 1234 3474 bling
1270 3417 1391 3459 those
1423 3417 1575 3458 barons
1610 3417 1704 3458 who
1740 3431 1849 3458 were
1877 3417 1940 3458 of-

213 3481 378 3523 refused
422 3488 465 3522 to
515 3479 736 3522 surrender
780 3478 845 3519 his
896 3477 1032 3530 iands,
1118 3476 1277 3517 sensive
1309 3482 1351 3516 to
1383 3474 1486 3516 him.
1546 3474 1624 3515 See
1644 3473 1937 3530 Hemingford,

214 3536 350 3579 which
380 3537 433 3579 he
472 3552 557 3579 was
587 3536 767 3578 accused
809 3535 856 3576 of
879 3535 1034 3589 having
1118 3548 1158 3589 p.
1179 3535 1260 3574 491
1286 3547 1296 3582 ;
1328 3531 1411 3573 and
1446 3531 1509 3572 for
1544 3546 1568 3572 a
1594 3545 1708 3573 more
1730 3532 1938 3588 complete

216 3594 396 3651 usurped
412 3610 508 3646 3—-a
518 3593 769 3636 convenient
782 3593 1034 3635 instrument
1120 3596 1310 3642 account,
1330 3588 1453 3630 Will.
1476 3588 1758 3644 Neubrigens.
1776 3589 1819 3630 ii.
1838 3592 1877 3631 4.
