2398 4152
185 2517 426 2552 Liminesfield.

466 449 534 499 30
965 455 1243 496 HISTORIA
1283 455 1691 495 FUNDA'rroNIs

464 582 617 632 timas
666 579 1074 630 cousuetudines
1125 597 1255 646 quas
1304 578 1412 632 illic
1464 578 1669 629 habuit.
1747 579 1912 632 Quod
1961 579 2004 630 si
2053 578 2214 647 piscis

465 665 558 732 qui
604 672 818 714 vocatur
855 663 1123 732 Craspeis¹
1175 663 1286 713 illic
1338 663 1623 731 appulerit,
1663 663 1872 715 abbatis
1925 671 1980 715 et
2030 674 2210 715 moria-

464 747 682 798 chorum
709 748 778 798 sit
803 739 979 809 totus3
1021 755 1077 798 et
1114 747 1157 797 si
1182 747 1239 797 in
1274 754 1415 798 terra
1439 747 1754 810 vicinorum,
1780 747 1918 799 infra
1955 746 2211 799 terminos

464 831 666 882 scilicet
710 832 774 882 de
817 831 1116 882 Horsmede
1158 849 1329 899 usque
1365 831 1735 893 Withiburne,
1782 831 1928 899 quod
1970 830 2211 900 pertinet

463 915 530 965 ad
554 933 765 966 socnam
791 916 856 966 de
882 916 978 967 Wi
1003 915 1293 978 advenerit,
1321 916 1451 966 duas
1475 923 1653 983 partes
1685 914 1832 966 illius
1871 932 1995 966 cum
2030 913 2215 980 lingua

463 997 612 1049 dedit
637 997 964 1051 ecclesffie
992 1000 1164 1063 Bello,
1193 1008 1248 1051 et
1271 1008 1335 1051 ut
1359 1000 1522 1051 abbas
1548 1008 1605 1050 et
1642 999 1888 1051 monachi
1926 998 2064 1050 illud
2103 1006 2213 1049 tarn

460 1081 627 1134 libere
666 1102 872 1153 semper
914 1084 1147 1136 habeant
1190 1093 1246 1136 et
1286 1084 1612 1153 possideant,
1657 1084 1798 1136 sicut
1833 1083 1947 1152 ipse
1989 1081 2212 1134 liberius

459 1167 729 1235 possidere
754 1169 951 1236 potuit.
1026 1168 1236 1220 Eodem
1260 1169 1418 1220 modo
1445 1176 1501 1220 et
1524 1187 1712 1233 werec,
1741 1168 1888 1237 quod
1910 1167 2022 1219 illic
2042 1164 2213 1218 conti-—

458 1251 614 1319 gerit,
641 1252 836 1303 habere
862 1253 1137 1305 concessit.

532 1335 598 1387 In
623 1336 706 1387 his
730 1355 855 1389 vero
882 1356 1042 1405 quam
1066 1339 1299 1389 maxime
1327 1337 1516 1407 quanti
1541 1337 1810 1406 pendebat
1827 1353 1928 1386 rex
1949 1334 2213 1387 utilitates

459 1420 697 1471 ecclesiae
748 1421 813 1473 de
865 1420 1018 1473 Bello
1066 1422 1463 1491 propalabatur,
1530 1422 1658 1473 dum
1720 1419 1969 1488 quotiens
2037 1418 2212 1470 edicta

456 1504 654 1572 regalia
690 1505 1088 1556 vicecomitibus
1122 1506 1230 1557 sive
1250 1506 1581 1574 justiciariiS,
1608 1504 1693 1555 vel
1731 1503 1989 1555 ministris
2026 1520 2210 1554 eorum

459 1587 666 1653 Cantiae
710 1589 1032 1653 constitutis,
1061 1590 1126 1641 de
1152 1590 1392 1659 ejusdem
1431 1589 1668 1641 ecclesiae
1710 1587 1942 1656 negotiis
1980 1586 2212 1639 destina-

454 1679 658 1735 rentur,
685 1672 785 1724 hoc
809 1672 1081 1741 praecipue
1123 1674 1257 1742 regii
1302 1674 1650 1725 continebant
1687 1672 1881 1742 apiceS,
1922 1679 1987 1725 ut
2026 1689 2209 1723 omnes

456 1755 530 1806 de'
548 1756 783 1808 manerio
809 1756 875 1808 de
902 1757 998 1808 Wi
1022 1757 1302 1808 libertates
1327 1757 1608 1826 regiasque
1649 1755 2064 1808 consuetudines
2102 1754 2208 1806 illi-

454 1839 603 1890 batas
623 1840 980 1903 observarent,
1001 1849 1065 1892 ut
1084 1841 1307 1893 ecclesia
1326 1850 1380 1893 et
1395 1840 1641 1892 monachi
1667 1840 1751 1892 sui
1773 1840 1838 1891 de
1865 1837 2040 1905 Bello,
2066 1837 2208 1890 sicut

454 1923 568 1993 ipse
593 1943 692 1975 rex
715 1924 905 1976 melius
930 1924 1128 1993 potuit,
1158 1943 1220 1976 ea
1245 1924 1423 1977 omnia
1447 1925 1504 1977 in
1541 1942 1670 1993 pace
1696 1930 1974 1976 manentes
2003 1922 2206 1991 absque

453 2008 827 2077 inquietudine
853 2009 1202 2079 possiderent.

526 2093 666 2145 Item
692 2094 839 2146 dedit
863 2112 1032 2145 unum
1056 2094 1354 2146 manerium
1390 2094 1447 2144 in
1486 2093 1770 2156 Sudsexia,
1807 2092 1953 2160 quod
1988 2099 2208 2144 vocatur

456 2177 760 2230 Alsistona2
797 2197 919 2230 cum
945 2179 1193 2230 omnibus
1225 2178 1550 2248 appenditiis
1575 2178 1703 2241 suiS,
1741 2177 2096 2246 quadraginta
2119 2176 2196 2228 iii.

452 2263 698 2315 hidarum
745 2274 801 2316 et
840 2263 1140 2326 dimidium,
1198 2264 1345 2332 quod
1386 2271 1543 2315 antea
1591 2263 1649 2314 in
1699 2261 1997 2314 dominium
2045 2280 2203 2314 suum

451 2347 592 2398 idem
616 2366 715 2399 rex
739 2349 1035 2417 redegerat,
1063 2367 1187 2400 cum
1212 2347 1461 2400 omnibus
1485 2347 1827 2400 libertatibus
1852 2355 1908 2398 et
1939 2345 2207 2415 regalibus

450 2433 928 2485 consuetudinibus
951 2433 1238 2502 praedictis·

522 2517 693 2569 Aliud
717 2518 878 2570 etiam
903 2519 1200 2570 manerium
1225 2517 1283 2568 in
1310 2516 1527 2568 Surreia
1551 2516 1713 2569 simili
1739 2514 1897 2566 modo
1931 2514 2204 2583 praedictae

449 2597 683 2649 ecclesiae
733 2617 844 2649 suae
892 2599 956 2650 de
1006 2598 1179 2661 Bello,
1228 2597 1590 2649 Limnesfeld³
1635 2597 1869 2661 nomine,
1920 2616 2043 2650 cum
2089 2598 2203 2650 suis

449 2682 771 2751 appenditiis
792 2701 922 2735 xxv.
943 2682 1209 2747 hidarum,
1231 2699 1303 2733 ex
1321 2699 1419 2734 sua
1434 2681 1697 2733 dominica
1721 2701 1914 2735 corona
1938 2681 2202 2747 contulit3

511 2831 522 2853 ¹
557 2826 650 2868 The
691 2827 807 2869 word
874 2841 1021 2870 occurs
1075 2827 1199 2883 again
1239 2826 1283 2868 in
1366 2825 1439 2867 the
1504 2824 1710 2925 Glossary
1761 2833 1806 2868 to
1854 2825 1928 2868 the
1974 2824 2203 2868 “Ancient

449 2883 521 2925 the
553 2883 698 2926 Laws*
726 2885 774 2926 of
808 2884 925 2941 King
965 2884 1185 2937 Ethelred,
1235 2898 1282 2927 as
1368 2882 1491 2925 Laws
1508 2883 1556 2925 of
1582 2883 1679 2939 Eng
1696 2882 1827 2938 and,'’
1849 2898 1939 2926 s.v.

448 2942 615 2998 printed
658 2942 713 2998 by
765 2942 1030 3000 Brompton:
1078 2944 1104 2966 “
1129 2942 1282 2984 Homi-
1425 2941 1442 2968 2
1472 2940 1760 2995 Monasticon,
1804 2940 1863 2984 ib.
1901 2943 2003 2985 317.
2097 2940 2202 2997 For-

449 3013 523 3041 nes
566 2999 618 3042 de
655 2999 922 3057 Rothomaga
951 3001 1023 3057 qui
1055 3000 1281 3042 veniebant
1366 2998 1503 3056 merly
1537 2998 1639 3041 held
1675 2999 1733 3056 by
1762 2998 1905 3041 Alnod
1929 2998 2026 3041 Celt
2047 3014 2093 3041 or
2121 2998 2200 3042 Ul-

449 3070 545 3098 cum
587 3057 684 3099 vino
703 3058 768 3100 vel
790 3057 1046 3115 craspisce.'’
1108 3057 1280 3115 Twysd.
1365 3055 1482 3111 noth,
1533 3055 1731 3099 Harold’s
1778 3070 1969 3113 younger
2014 3056 2200 3100 brother.

454 3115 552 3158 897.
1366 3113 1615 3171 Doomsday
1642 3129 1740 3172 says
1779 3114 1882 3157 xliv.
1918 3114 2040 3157 hides
2070 3114 2154 3157 and
2175 3129 2199 3157 a

506 3172 683 3214 Somner
747 3174 789 3215 in
840 3173 907 3216 his
950 3173 1156 3231 Glossary
1206 3174 1281 3216 ob-
1364 3172 1466 3227 half,
1483 3187 1524 3229 p.
1550 3174 1617 3228 17,
1639 3172 1682 3215 b.
1744 3172 1796 3214 In
1817 3172 1889 3214 the
1913 3171 2046 3215 Valor
2063 3172 2196 3216 Nich.

450 3244 607 3274 serves:
627 3234 652 3255 “
665 3230 913 3288 Craspiscis,
927 3231 1040 3274 idem
1054 3231 1280 3289 proculdu-
1367 3230 1482 3273 102l.
1507 3232 1594 3273 12s.
1619 3230 1743 3284 loffd.

452 3287 519 3328 bio
534 3288 645 3343 quod
660 3287 760 3330 alibi
781 3288 989 3346 Grospeis.
1023 3290 1279 3346 Spelmanno
1422 3290 1438 3314 ³
1469 3287 1657 3331 Monast.
1690 3287 1749 3331 ib.
1817 3286 2120 3330 Limenesfield
2152 3288 2194 3330 in

450 3353 591 3387 nostro
626 3348 847 3402 grammis,
892 3347 1021 3404 piscis
1066 3347 1276 3403 grandior.
1363 3345 1436 3388 the
1491 3345 1686 3388 hundred
1736 3345 1784 3388 of
1832 3345 2045 3401 Tenrige;
2096 3344 2196 3388 held

452 3400 549 3443 Vox
575 3405 819 3459 composita,
842 3406 964 3459 cujus
986 3405 1098 3461 prior
1114 3405 1279 3462 syllaba
1362 3403 1563 3461 formerly
1588 3403 1647 3461 by
1677 3403 1854 3446 Harold.
1917 3402 1969 3445 In
2004 3402 2078 3445 thc
2099 3403 2198 3445 Sur-

453 3459 495 3499 in
528 3474 624 3514 una,
657 3475 681 3502 a
702 3461 814 3504 Gall.
845 3464 994 3518 grand,
1027 3463 1069 3504 in
1092 3462 1224 3505 altera
1253 3476 1278 3504 a
1363 3475 1443 3518 vey
1490 3461 1527 3503 is
1582 3461 1668 3503 this
1710 3469 1862 3518 entry:
1915 3464 1943 3485 “
1959 3461 2010 3503 T.
2052 3460 2105 3504 R.
2143 3459 2196 3505 Ε.

452 3514 589 3557 Latin.
636 3533 801 3561 crassus.
856 3521 1067 3562 Bractono
1124 3535 1279 3562 crassus
1362 3533 1407 3560 se
1422 3518 1677 3561 defendebat
1692 3533 1767 3576 pro
1785 3533 1886 3561 xxv.
1900 3517 2014 3561 hidis
2035 3534 2047 3570 ;
2067 3517 2196 3561 modo

447 3573 577 3627 piscis,
615 3574 658 3616 ii.
682 3577 751 3629 24,
789 3576 816 3617 f.
844 3580 914 3630 55,
950 3577 1010 3629 b;
1042 3577 1144 3619 folio
1179 3592 1276 3619 vero
1362 3591 1446 3618 non
1482 3591 1528 3618 se
1571 3576 1760 3619 defendit
1800 3583 2027 3634 postquam
2064 3575 2195 3619 abbas

455 3631 549 3682 120,
586 3645 624 3683 a,
652 3646 813 3686 grossus
840 3635 1007 3689 piscis.’'
1075 3635 1155 3677 See
1188 3635 1276 3678 also
1361 3634 1568 3691 recepit.’'
1589 3634 1620 3677 f.
1635 3637 1708 3677 34.
