2398 4152
666 476 1030 517 MONASTERII
1074 478 1153 517 DE
1197 479 1397 519 BELLO.
1774 473 1872 523 109

158 601 387 652 habente
413 599 626 652 adversa
649 608 798 669 parte
814 601 954 668 'quid
978 602 1333 670 responderet,
1376 605 1572 673 quippe
1610 624 1728 657 cum
1768 626 1876 658 car·
1897 626 2109 672 spnoenoein

161 692 267 735 tam
309 683 555 735 falsitatis
593 702 690 736 nec
729 684 948 735 auderet
985 703 1081 734 nec
1119 695 1294 753 posset
1338 705 1570 754 arguere,
1611 690 1735 756 quia
1772 666 2096 742 nonhufnvoun

156 774 333 836 posset
355 768 595 835 probare,
623 767 858 818 unanimi
884 786 1140 818 consensu
1175 769 1337 818 totius
1364 770 1522 820 curiae
1547 773 1705 838 regiae
1731 775 1810 842 adj
1820 794 1877 824 u-

159 851 387 902 dicatum
422 858 519 914 est,
561 850 741 901 abbati
782 858 835 900 et
878 850 1112 900 ecclesiae
1157 852 1322 901 sancti
1361 853 1582 903 Martini
1617 856 1680 905 de
1726 856 1876 907 Bello

158 934 334 985 omnia
357 934 546 985 debere
571 932 800 995 restitui,
830 951 951 1001 quae
979 941 1135 983 cartae
1162 950 1271 983 suae
1297 935 1543 1002 exigebat
1561 938 1875 990 testimonio.

161 1017 391 1069 Cernens
433 1017 598 1084 igitur
648 1016 960 1068 Grilebertus
1001 1017 1065 1066 de
1117 1016 1310 1067 Baillol
1360 1037 1412 1067 se
1463 1028 1764 1071 tenemento
1813 1024 1876 1073 de

159 1100 499 1152 Bernehorne
526 1118 637 1150 esse
654 1099 986 1161 destitutum,
1004 1099 1060 1149 in
1087 1100 1320 1150 omnium
1337 1101 1572 1152 obsecrat
1596 1104 1878 1166 audientia,

155 1184 343 1235 catalla
379 1183 565 1235 militis
598 1183 681 1234 sui
722 1183 815 1251 qui
853 1183 995 1233 idem
1035 1190 1396 1234 tenementum
1436 1185 1499 1234 de
1544 1204 1605 1234 eo
1640 1194 1881 1239 tenuerat

157 1267 257 1319 sibi
299 1267 422 1318 inde
459 1265 694 1317 tollenda
728 1266 976 1334 relinqui.
1053 1265 1316 1317 Dominus
1349 1285 1446 1317 rex
1483 1268 1547 1318 ad
1571 1267 1704 1319 hanc
1744 1271 1879 1337 peti-

155 1351 355 1403 tionem
395 1350 734 1418 respondens,
793 1351 828 1375 “
855 1349 981 1401 Non
1023 1348 1284 1416 poteraS,”
1321 1349 1516 1417 inquit,
1575 1354 1609 1377 “
1634 1352 1879 1403 manifes-

156 1432 262 1484 tius
302 1430 559 1492 confiteri,
601 1448 759 1499 quam
798 1429 898 1480 hoc
940 1430 1190 1498 petendo,
1233 1438 1285 1481 te
1310 1431 1517 1482 nullum
1547 1433 1637 1501 jus
1661 1434 1717 1483 in
1743 1443 1880 1486 terra

155 1515 247 1566 illa
293 1512 537 1566 habere.'‘
635 1513 961 1582 Monuitque
1002 1531 1119 1577 rex,
1183 1522 1245 1564 ut
1292 1515 1477 1566 catalla
1526 1516 1599 1566 eis
1649 1517 1879 1569 djmitte-

156 1605 356 1659 rentur.
451 1597 542 1648 Ad
588 1597 726 1664 regis
772 1596 939 1665 igitur
987 1596 1270 1665 imperium
1312 1598 1450 1659 fiunt
1494 1599 1687 1651 litterae
1735 1603 1880 1669 regio

157 1681 328 1750 sigillo
353 1680 591 1748 signatae,
632 1681 698 1731 ad
724 1688 952 1749 quatuor
977 1681 1172 1732 milites
1216 1682 1308 1748 qui
1334 1690 1459 1733 tunc
1487 1702 1555 1733 ex
1596 1685 1709 1752 ejus
1746 1704 1881 1753 prae-

157 1773 310 1834 cepto
334 1764 757 1830 vicecomitatum
784 1764 1088 1815 Suthsexiae
1114 1766 1367 1832 regebant
1392 1766 1611 1817 celerius
1649 1768 1880 1831 directae,

158 1856 224 1900 ut
262 1849 460 1916 absque
501 1847 754 1899 dilatione
779 1856 973 1899 terram
1014 1867 1170 1915 quam
1206 1849 1363 1899 abbas
1390 1850 1453 1899 de
1479 1850 1629 1901 Bello
1660 1851 1713 1900 in
1742 1853 1884 1902 curia

158 1950 254 1983 sua
276 1950 449 1984 coram
475 1950 538 1982 eo
579 1931 1001 1993 dirationaverat,
1039 1931 1240 1983 scilicet
1282 1941 1387 1982 tres
1426 1933 1598 1983 wistas
1634 1942 1787 1985 terrae
1828 1936 1883 1986 in

162 2015 519 2078 Bernehorne,
566 2033 686 2065 cum
712 2022 826 2065 toto
868 2015 1107 2078 marisco,
1155 2024 1209 2066 et
1247 2016 1499 2066 decimam
1527 2018 1785 2084 quandam
1820 2019 1883 2068 de

162 2099 439 2162 Bocholte,
467 2098 702 2149 ecclesiae
742 2098 907 2149 sancti
953 2098 1175 2149 Martini
1225 2100 1287 2150 de
1330 2099 1482 2150 Bello
1526 2100 1881 2165 restituerent,

160 2191 268 2234 tam
292 2182 497 2250 integre
518 2190 572 2233 et
588 2190 696 2232 tam
720 2181 972 2250 plenarie,
1001 2190 1105 2232 tam
1130 2182 1293 2234 libere
1315 2191 1369 2234 et
1390 2183 1568 2252 quiete
1589 2186 1881 2247 tenendam,

155 2268 298 2318 sicut
323 2265 649 2334 temporibus
687 2266 825 2334 regis
854 2266 1076 2317 Henrici
1116 2266 1198 2317 avi
1239 2267 1319 2317 sui
1346 2275 1478 2317 teste
1507 2275 1645 2317 carta
1689 2286 1781 2318 sua
1807 2277 1883 2318 te-

158 2357 400 2413 nuerant,
429 2349 699 2418 designata
735 2349 883 2418 prius
909 2358 1048 2400 terra
1071 2349 1200 2418 ipsa,
1243 2358 1296 2400 et
1337 2350 1571 2400 terminis
1612 2352 1724 2418 ejus
1766 2370 1883 2419 per-

158 2433 350 2501 agratis
395 2451 489 2502 per
526 2433 805 2484 duodecim
842 2433 980 2483 viros
1015 2433 1193 2484 fideles
1227 2434 1289 2483 de
1316 2433 1507 2483 vicinio
1547 2433 1712 2500 ipsius
1738 2442 1883 2484 tene-

155 2517 326 2569 -menti
354 2516 447 2585 qui
472 2524 639 2569 metas
665 2517 778 2585 ejus
804 2516 1015 2579 scirent,
1054 2525 1108 2567 et
1134 2516 1350 2583 obligati
1392 2525 1712 2566 sacramento
1750 2517 1883 2567 veri-

156 2609 323 2652 tatem
370 2600 620 2652 dicerent.
722 2600 847 2654 Quo
898 2608 1140 2668 suscepto
1196 2600 1459 2662 mandatO,
1508 2600 1768 2651 Ricardus
1819 2602 1881 2651 de
1903 2608 2112 2690 issiass‘issssff‘

159 2684 414 2738 Chaaines
455 2684 548 2752 qui
591 2702 731 2735 unus
766 2693 879 2736 erat
920 2703 989 2738 ex
1014 2684 1147 2734 iiiior.
1175 2683 1435 2733 militibus
1461 2683 1881 2734 vicecomitatum
1903 2690 1986 2722 him·

158 2767 464 2820 Suthsexiae
509 2776 636 2819 tunc
677 2768 928 2836 temporis
985 2767 1311 2835 regentibUS,
1364 2767 1622 2817 sociorum
1670 2786 1882 2818 suorum

157 2852 257 2903 sibi
281 2851 394 2903 vice
422 2852 710 2914 commissa,
751 2851 1064 2920 jamdictum
1109 2858 1470 2900 tenementum
1514 2850 1661 2912 adiit,
1704 2869 1881 2917 sump-

155 2944 319 3005 toque
344 2944 453 2987 tam
493 2937 558 2987 ab
597 2936 901 2987 hominibus
945 2935 1180 3003 ejusdem
1206 2933 1497 2984 tenementi
1539 2952 1695 3000 quam
1737 2943 1789 2983 et
1814 2934 1878 2983 ab

154 3020 236 3072 his
281 3020 373 3089 qui
415 3020 473 3071 in
499 3021 615 3090 ejus
640 3020 869 3070 confinio
893 3019 1204 3070 habitabant
1239 3025 1577 3079 sacramento,
1616 3017 1875 3083 metisque

155 3104 455 3172 designatiS,
501 3105 746 3155 abbatem
787 3112 840 3154 et
879 3102 1148 3154 ecclesiam
1175 3100 1338 3150 sancti
1366 3099 1585 3149 Martini
1622 3100 1685 3149 de
1724 3098 1875 3149 Bello

154 3187 275 3238 inde
299 3187 584 3239 investivit.
607 3183 612 3192 ⁵

223 3270 559 3338 Recuperata
595 3270 696 3320 hoc
739 3269 911 3329 modo,
945 3268 1070 3317 licet
1109 3284 1227 3316 cum
1252 3266 1428 3315 labore
1457 3274 1509 3315 et
1545 3265 1871 3329 difficultate,
1897 3278 2128 3352 Rsssffcqssedvgith

152 3353 400 3420 saepefata
424 3361 579 3415 terra,
600 3354 815 3420 jamque
840 3359 903 3401 ut
926 3350 1214 3418 putabatur
1241 3348 1425 3416 sopitis
1451 3349 1712 3410 omnibus,
1753 3367 1869 3399 cum
1898 3363 2059 3393 1c1eshnm

1894 3403 2083 3443 respecting

104 3454 110 3460 ·
151 3446 352 3489 remota
368 3438 510 3488 omni
533 3436 849 3504 calumpnia,
877 3435 1072 3485 nullius
1100 3452 1209 3484 esse
1237 3434 1500 3483 videretur
1526 3433 1648 3483 mali
1676 3434 1730 3483 in
1753 3453 1869 3501 pos·
1894 3444 2079 3483 avarcelos

1894 3485 1950 3515 the
1966 3495 2057 3516 same

152 3529 324 3572 terum
372 3521 619 3590 suspicio,
684 3520 955 3570 Robertus
1020 3517 1233 3584 quidam
1292 3517 1354 3565 de
1416 3516 1698 3566 Yclesham
1755 3525 1981 3566 cumlaud-

152 3612 317 3655 matre
363 3623 455 3655 sua
489 3604 715 3655 Matilde
767 3601 1027 3669 quoddam
1052 3608 1261 3667 pratum
1287 3598 1424 3648 infra
1447 3599 1700 3649 ambitum
1727 3608 1872 3649 tene-
