2398 4152
183 3461 186 3464 ’
241 3452 410 3485 Neuville.

485 464 589 514 110
987 470 1270 513 HISTORIA
1312 469 1727 511 FUNDATIONIS

481 594 653 646 menti
685 593 833 646 illius
872 594 1109 663 positum
1146 602 1370 663 repente
1395 593 1607 646 invasit.
1686 592 1856 664 Cujus
1881 593 2093 645 foenum
2117 610 2241 644 cum

482 679 536 732 vi
562 686 845 730 conaretur
869 677 1099 743 auferre,
1139 679 1301 730 abbas
1337 676 1714 747 praemunitUS,
1755 677 2089 747 congregatis
2112 677 2240 729 viris

484 762 895 833 quampluribus
937 762 1046 814 vim
1082 762 1135 813 vi
1171 762 1428 831 reppulit,
1472 769 1527 812 et
1562 761 1790 825 foenum,
1831 772 1982 832 parte
2027 763 2244 814 adversa

485 847 723 911 confusa,
766 847 868 898 sibi
909 846 1100 916 reponi
1124 846 1272 898 fecit.
1349 846 1384 897 J
1385 845 1648 898 amdictus
1688 865 1814 916 ergo
1841 846 2116 899 Robertus
2151 864 2244 898 cu-

482 933 617 984 riam
643 930 846 983 domini
871 931 1012 1000 regis
1037 931 1237 995 adienS,
1256 940 1311 983 et
1337 931 1466 1000 quia
1488 922 1588 983 rex
1611 950 1721 984 non
1746 932 1928 983 aderat
1945 931 2004 983 in
2022 930 2244 983 audien-

484 1018 561 1070 tia
596 1016 939 1087 justiciarum
977 1017 1094 1085 ejus
1121 1034 1472 1084 conquerenS,
1507 1016 1750 1067 homines
1791 1016 1888 1086 qui
1913 1022 2242 1068 sacramento

482 1101 728 1172 praestito
769 1108 938 1152 metas
977 1100 1271 1152 tenementi
1310 1100 1375 1151 de
1415 1099 1781 1164 Bernehorne,
1827 1100 2106 1169 designare
2151 1100 2244 1151 de-

483 1188 730 1248 buerant,
777 1185 1002 1237 asseruit
1049 1185 1173 1254 plus
1209 1186 1361 1255 justo
1405 1203 1710 1254 occupasse,
1757 1193 1813 1237 et
1855 1185 1930 1238 sic
1969 1204 2093 1237 cum
2134 1203 2246 1236 non

486 1271 787 1322 traheretur
809 1270 867 1321 in
891 1288 1121 1332 causam,
1142 1280 1337 1322 terram
1362 1288 1512 1321 suam
1537 1269 1640 1321 sibi
1667 1270 1934 1322 sublatam
1949 1289 2079 1323 esse.
2157 1269 2248 1322 Ad

486 1357 603 1425 ejus
628 1356 814 1424 itaque
839 1356 1132 1406 instantem
1169 1355 1561 1423 querimoniam
1585 1355 1747 1407 abbas
1782 1374 1905 1407 cum
1932 1354 2246 1407 hominibus

488 1441 584 1509 qui
613 1448 806 1492 terram
830 1447 1241 1508 peragraverant
1265 1439 1333 1490 ad
1358 1439 1561 1491 curiam
1585 1439 1781 1507 agitur,
1810 1458 1971 1509 super
1996 1458 2058 1491 ea
2083 1458 2246 1508 quam

486 1525 631 1576 idem
675 1523 947 1576 Robertus
985 1518 1285 1575 affirmabat
1331 1523 1619 1592 injustitia,
1665 1524 2052 1576 satisfacturus·
2130 1523 2251 1575 Nec

486 1616 770 1660 cunctatus
813 1609 975 1660 abbas
1008 1617 1189 1660 mente
1231 1607 1504 1671 robustus,
1541 1607 1673 1659 licet
1712 1626 1932 1677 corpore
1957 1607 2246 1671 invaliduS,

486 1713 542 1745 se
586 1693 673 1745 die
712 1692 1068 1746 determinato
1093 1693 1152 1744 in
1174 1692 1465 1762 praesentia
1491 1692 1834 1763 justiciarum
1859 1692 2006 1763 apud
2029 1692 2251 1745 Winto-

487 1778 633 1829 niam
658 1777 931 1841 exhibuit,
972 1777 1283 1829 hominibus
1310 1796 1493 1829 secum
1519 1777 1765 1829 adductis
1793 1777 1889 1847 qui
1933 1778 2252 1848 saepenomi-

487 1871 677 1915 natum
705 1871 1075 1915 tenementum
1102 1862 1166 1913 de
1194 1861 1540 1913 Bernehorne
1566 1870 1998 1931 peragraverant,
2039 1871 2095 1915 et
2135 1864 2254 1933 ejus

489 1958 659 2000 metas
700 1948 1122 2017 designaverant.
1200 1946 1432 1998 Astante
1478 1947 1725 2014 Roberto
1770 1947 1835 1999 de
1875 1947 2165 1999 Yclesham
2200 1955 2256 2000 et

490 2051 652 2103 super
677 2042 820 2085 terra
845 2052 941 2084 sua
966 2032 1068 2084 sibi
1107 2032 1332 2084 subdole
1372 2040 1437 2083 ut
1471 2032 1741 2083 asserebat
1784 2032 1997 2084 sublata
2021 2051 2257 2102 conque·
2294 2076 2299 2081 .
2366 2063 2368 2066 >

488 2126 658 2182 rente,
680 2119 977 2188 procedunt
1006 2116 1223 2187 praefati
1249 2116 1402 2168 xiicim
1437 2117 1538 2169 viri
1558 2117 1609 2168 ei
1634 2117 1692 2168 in
1708 2118 1901 2170 faciem
1925 2118 2253 2182 resistenteS,

491 2204 688 2255 iterato
715 2211 1105 2287 sacramentum
1128 2211 1385 2272 praestare
1420 2202 1612 2272 parati,
1655 2221 1710 2254 se
1746 2222 1855 2254 non
1892 2203 2115 2273 quidem
2140 2222 2253 2255 am-

493 2289 656 2359 plius,
698 2289 998 2358 quinimmo
1040 2307 1108 2339 ne
1146 2288 1461 2340 sacramenti
1496 2288 1729 2358 praestiti
1753 2289 2065 2340 viderentur
2090 2297 2262 2340 trans-

222 2401 462 2436 Robertfined
496 2394 780 2445 gressores,
831 2374 1010 2425 minus
1054 2374 1205 2443 justo
1255 2392 1352 2425 suo
1400 2373 1609 2425 ambitu
1658 2373 1996 2426 conclusisse.
2098 2373 2260 2426 Unde

218 2446 380 2529 fssssaffssse
498 2461 642 2512 idem
687 2461 961 2512 Robertus
1008 2458 1159 2510 falsae
1202 2458 1604 2527 conquestionis
1646 2477 1770 2509 reus
1810 2476 1923 2510 esse
1967 2459 2259 2524 convictus,

503 2546 744 2598 omnium
776 2544 985 2616 judicio
1025 2543 1405 2595 misericordiae
1443 2544 1584 2612 regis
1610 2543 1893 2596 addicitur.
1971 2544 2099 2598 Quo
2119 2562 2262 2596 com-

504 2640 676 2703 perto,
724 2631 858 2683 clam
884 2649 939 2682 se
966 2629 1285 2682 subtrahens
1309 2629 1494 2698 fugam
1518 2628 1661 2693 iniit,
1701 2647 1800 2680 nec
1826 2628 2111 2680 calcarium
2137 2647 2261 2681 suo-

505 2737 627 2769 rum
654 2717 874 2780 oblitus,
902 2723 996 2766 aut
1023 2734 1163 2784 equo
1188 2731 1428 2783 parcens,
1454 2714 1606 2783 prius
1632 2733 1664 2766 a
1686 2713 1816 2783 fuga
1841 2714 2067 2778 destitit,
2093 2732 2257 2782 quam

507 2803 575 2854 ad
620 2801 837 2871 propria
889 2799 1276 2851 tremebundus
1323 2798 1644 2867 perveniret.
1722 2797 1908 2851 Abbas
1970 2817 2094 2850 vero
2140 2817 2262 2850 cum

509 2887 620 2939 suis
646 2887 713 2938 ad
738 2904 834 2936 sua
856 2884 1285 2954 gratulabundus
1310 2882 1542 2946 redienS,
1572 2883 1749 2951 quoad
1780 2883 1921 2934 vixit
1948 2883 2266 2952 jamdictum

509 2979 879 3024 tenementum
903 2969 1124 3040 pacifice
1152 2968 1297 3020 omni
1323 2968 1498 3037 sopita
1523 2968 1827 3037 calumpnia
1849 2969 2105 3038 possedit.
2179 2968 2266 3020 De

508 3057 593 3108 his
634 3056 852 3125 quidem
890 3054 1150 3105 hactenus
1188 3053 1390 3105 dixisse
1437 3052 1686 3116 sufficiat,
1722 3054 1945 3123 jamque
1971 3054 2038 3105 ad
2074 3062 2270 3106 caetera

511 3141 891 3193 sollicitudinis
917 3156 1030 3191 suae
1058 3131 1388 3191 transeamus
1415 3137 1690 3190 exercitia.

240 3245 351 3278 claim
365 3244 418 3283 for
585 3227 826 3279 Praeerat
865 3226 983 3295 ejus
1023 3224 1357 3293 temporibus
1399 3222 1602 3274 domini
1641 3222 1782 3291 regis
1806 3222 2102 3275 forestariis
2147 3223 2270 3292 qui-

238 3291 366 3361 ἓῗιὸῗιῖῗ
382 3285 481 3317 made
513 3312 633 3363 dam
660 3310 870 3363 Alanus
913 3310 978 3360 de
1021 3308 1329 3361 Nova-villa
1369 3316 1604 3371 vocatUS,
1649 3307 1744 3375 qui
1788 3325 1859 3358 ex
1897 3326 2144 3359 concessa
2168 3308 2270 3360 sibi

238 3369 418 3442 ffffiigy
510 3404 779 3466 potestate
824 3395 950 3448 satis
993 3394 1259 3446 malitiose
1301 3392 1597 3444 innumeris
1633 3399 1689 3442 et
1719 3391 1950 3444 insolitis
1978 3393 2271 3462 quaestion-

508 3482 629 3533 ibus
656 3482 884 3533 diversas
908 3498 1005 3549 per
1031 3478 1286 3547 Angliam
1311 3477 1608 3547 provincias
1632 3477 1880 3529 vexabat.
1948 3477 2094 3532 Quia
2125 3478 2270 3530 enim
2310 3490 2317 3498 ‘

510 3585 608 3617 nec
635 3566 814 3616 Deum
855 3583 952 3616 nec
996 3564 1238 3615 homines
1275 3564 1578 3626 verebatur,
1620 3580 1719 3613 nec
1761 3561 2130 3614 ecclesiasticis
2168 3581 2268 3614 nec

511 3650 837 3702 secularibus
876 3650 1129 3718 parcebat
1174 3648 1545 3716 dignitatibus.
1623 3646 1861 3699 Domino
1907 3648 2094 3717 itaque
2143 3665 2270 3715 rege
