2398 4152
699 465 1064 507 MONASTERII
1101 466 1180 505 DE
1217 466 1421 506 BELLO.
1856 450 1921 506 79

195 589 370 651 abbas,
408 606 514 656 quo
540 587 723 639 ordine
751 588 996 641 dominus
1020 608 1158 659 papa
1181 608 1272 641 vos
1306 590 1549 642 hortatur
1586 598 1649 640 ut
1686 588 1921 658 praelatis

193 672 379 725 vestris
395 671 749 723 obedientiam
769 672 1106 735 exibeatiS,et
1118 692 1276 742 quam
1291 673 1521 725 maxime
1540 673 1664 724 huic
1685 673 1918 724 ecclesiae

196 755 485 818 Cicestriae,
514 764 570 807 et
594 763 688 808 tuo
715 757 963 827 episcopo
990 757 1216 810 Hilario.
1293 759 1494 810 Notare
1520 777 1747 826 namque
1768 759 1921 810 decet

192 839 531 908 prudentiam
554 849 798 905 vestram,
827 860 933 910 qua
958 843 1021 893 de
1049 861 1203 893 causa
1229 842 1473 893 dominus
1498 861 1636 911 papa
1661 851 1755 893 tuo
1781 842 1919 910 epis-

192 941 325 991 copo
350 922 686 991 interposuit.
762 922 812 973 A
838 923 1197 975 fundamentis
1223 924 1404 992 itaque
1431 924 1649 976 ecclesia
1674 925 1737 975 de
1765 924 1919 974 Bello

193 1014 511 1069 constructa,
553 1004 756 1073 primus
796 1007 968 1058 eidem
1010 1007 1170 1058 abbas
1213 1007 1430 1070 electus,
1468 1009 1617 1076 jussa
1659 1025 1919 1058 canonum

192 1097 406 1140 secutus
432 1096 529 1151 est,
556 1095 716 1155 atque
742 1088 799 1139 in
823 1089 920 1140 hac
958 1097 1136 1140 sancta
1178 1089 1396 1140 ecclesia
1433 1108 1555 1141 cum
1592 1089 1918 1158 professione

191 1171 616 1224 benedictionem
667 1191 816 1224 suam
874 1172 1120 1224 canonice
1161 1181 1476 1224 consecutus
1520 1182 1616 1224 est.
1706 1173 1918 1224 Deinde

192 1273 372 1306 omnes
398 1256 512 1324 ejus
537 1256 818 1307 substituti
846 1274 1074 1324 quorum
1097 1256 1312 1306 nomina
1335 1256 1480 1307 haud
1518 1256 1575 1307 in
1613 1257 1917 1308 memoriam

187 1339 459 1402 habemus,
499 1357 620 1390 cum
650 1339 847 1407 quibus
871 1358 962 1391 vos
996 1339 1158 1391 etiam
1184 1339 1427 1390 Waltere
1468 1358 1628 1408 quem
1663 1340 1750 1390 hic
1790 1339 1919 1391 resi-

192 1423 314 1474 dere
359 1429 415 1472 et
454 1422 811 1474 moderamina
853 1422 999 1473 illius
1035 1422 1270 1474 ecclesiae
1326 1431 1506 1474 tenere
1551 1425 1916 1493 perspicimus,

191 1506 335 1558 idem
373 1506 559 1557 fecisse
598 1506 735 1558 nulli
775 1506 999 1558 dubium
1043 1514 1138 1558 est.
1217 1506 1363 1560 Quia
1386 1526 1509 1558 vero
1553 1509 1610 1558 in
1649 1509 1918 1577 aliquibus

189 1590 472 1660 prudentia
495 1598 666 1641 vestra
690 1610 721 1642 a
743 1590 829 1641 via
872 1590 1192 1642 obedientiae
1235 1590 1359 1642 huic
1396 1591 1635 1642 ecclesiae
1668 1592 1918 1660 professae

189 1673 489 1736 declinavit,
515 1674 752 1742 postulat
775 1674 890 1725 haec
930 1681 1109 1724 sancta
1138 1674 1374 1737 ecclesia,
1402 1683 1458 1724 et
1497 1693 1593 1726 nos
1619 1676 1713 1743 qui
1750 1676 1913 1745 hujus

190 1764 384 1808 sanctae
410 1757 645 1808 ecclesiae
665 1758 763 1808 filii
789 1776 986 1820 sumus,
1016 1758 1266 1825 quatinus
1290 1776 1381 1808 vos
1415 1766 1477 1809 ut
1517 1759 1659 1809 filius
1698 1768 1920 1810 matrem

191 1848 417 1892 vestram
441 1840 575 1892 hanc
599 1841 800 1893 scilicet
825 1841 1096 1892 ecclesiam
1132 1842 1195 1892 de
1221 1841 1372 1892 vobis
1410 1842 1727 1905 certificetis,
1767 1851 1830 1894 ut
1863 1845 1920 1894 in

191 1924 452 1987 omnibUS,
481 1926 620 1976 sicut
645 1925 954 1976 canonicum
992 1933 1089 1988 est,
1118 1924 1289 1975 eidem
1330 1925 1633 1976 canonicam
1672 1926 1920 1995 deinceps

194 2006 552 2060 obedientiam
601 2005 745 2056 omni
794 2005 1142 2073 ambiguitate
1187 2005 1393 2056 detersa
1435 2006 1713 2059 exibeatis.
1809 2007 1921 2058 Re-

190 2112 312 2145 vera
327 2091 541 2154 etenim,
562 2090 843 2142 reverende
862 2097 1032 2158 pater,
1050 2098 1113 2140 ut
1132 2089 1331 2158 optime
1356 2089 1505 2140 novit
1530 2091 1716 2142 caritas
1731 2099 1919 2153 vestra,

192 2195 415 2228 canones
459 2176 590 2228 sacri
614 2193 892 2244 personam
911 2174 1220 2244 hujusmodi
1246 2174 1548 2242 ambiguam
1574 2183 1667 2226 aut
1692 2176 1919 2227 testibus

189 2260 466 2328 legalibus,
493 2258 579 2311 vel
604 2257 939 2309 sacramentis
966 2257 1350 2320 ecclesiasticiS,
1379 2276 1474 2308 seu
1513 2259 1672 2310 etiam
1710 2259 1921 2310 scedula

187 2345 426 2413 ejusdem
454 2343 790 2394 corroborata
828 2342 1020 2410 sigillo,
1065 2349 1359 2392 sanxerunt
1393 2342 1629 2410 astringi.
1706 2342 1915 2411 Nempe

189 2427 431 2479 dominus
453 2434 633 2478 noster
659 2426 938 2495 episcopus
966 2425 1227 2488 Hilarius,
1255 2434 1498 2494 suscepto
1522 2426 1684 2494 hujus
1724 2435 1918 2477 sanctae

186 2511 366 2561 matris
391 2518 580 2562 vestrae
619 2509 854 2560 ecclesiae
880 2508 1153 2576 regimine,
1174 2510 1337 2577 juxta
1371 2527 1630 2560 canonum
1654 2509 1918 2573 instituta,

184 2611 275 2645 vos
301 2612 423 2644 cum
467 2592 694 2660 quadam
732 2592 1023 2659 parrochiae
1064 2608 1173 2642 suae
1215 2610 1438 2660 persona
1473 2592 1591 2654 alia,
1619 2594 1796 2655 semel,
1824 2594 1922 2644 ite-

186 2695 411 2744 rumque
438 2683 494 2726 et
518 2675 697 2738 tertio,
725 2675 987 2743 synodum
1012 2676 1155 2726 adire
1193 2676 1336 2744 apud
1363 2674 1670 2726 Cicestriam
1695 2696 1922 2729 summo-

188 2760 329 2811 nitos
353 2778 450 2811 nec
474 2758 764 2820 venientes,
802 2758 1100 2822 interdixit.
1176 2759 1381 2811 Verum
1405 2778 1629 2827 persona
1662 2760 1764 2811 alia
1801 2780 1924 2829 sup-

165 2843 316 2912 ‘plici
348 2862 474 2894 voce
514 2842 722 2894 veniam
761 2850 948 2911 petens
976 2842 1228 2905 obtinuit,
1272 2844 1421 2894 vobis
1446 2845 1601 2896 modo
1634 2845 1690 2895 in
1716 2853 1925 2895 senten-

188 2928 263 2978 tia
307 2935 648 2995 permanente
697 2935 819 2995 post
866 2926 1025 2977 unius
1074 2927 1198 2978 anni
1250 2927 1572 2979 curriculum
1616 2929 1676 2979 vin
1723 2929 1923 2996 synodo

193 3019 369 3061 sancta
391 3010 664 3062 vinculum
690 3010 1038 3062 anathematis
1063 3010 1372 3079 impositum
1392 3020 1488 3075 est,
1517 3031 1623 3079 quo
1647 3031 1738 3063 vos
1765 3012 1925 3063 etiam

192 3112 360 3162 usque
386 3094 443 3144 in
465 3094 779 3146 hodiernum
805 3094 1078 3146 astrictum
1099 3102 1355 3145 tenemus·
1435 3096 1793 3149 Quamobrem
1808 3096 1925 3146 haec

195 3184 371 3228 sancta
412 3178 631 3229 ecclesia
678 3178 828 3229 vobis
871 3187 934 3228 ut
980 3178 1090 3228 filio
1132 3178 1430 3241 condolens,
1481 3179 1715 3247 postulat
1758 3187 1820 3229 ut
1843 3179 1926 3231 his

194 3278 333 3311 nunc
370 3261 585 3325 10110118,
629 3261 785 3312 nobis
811 3260 1065 3311 fratribus
1104 3261 1291 3311 vestris
1325 3262 1525 3312 scilicet
1565 3262 1923 3327 audientibus,

195 3360 315 3411 quae
344 3344 444 3396 sibi
459 3346 580 3414 jure
608 3344 812 3396 debetis
841 3343 1077 3413 profiteri
1117 3363 1224 3394 non
1250 3344 1519 3395 differatis.
1594 3344 1669 3396 Et
1696 3346 1836 3413 quia,
1865 3357 1927 3397 ut

195 3428 434 3495 superius
475 3429 812 3497 protulimus,
855 3445 961 3478 uno
990 3446 1059 3477 ex
1084 3427 1254 3478 tribus
1278 3427 1490 3478 vinculo
1516 3447 1737 3496 persona
1761 3430 1927 3480 ambi-

197 3528 302 3577 gua
324 3529 467 3562 more
494 3512 847 3563 ecclesiastico
873 3520 953 3562 est
974 3511 1326 3578 astringenda,
1354 3513 1422 3562 ob
1448 3511 1700 3564 honorem
1734 3521 1788 3564 et
1814 3514 1927 3582 dig-

197 3593 418 3646 nitatem
443 3594 676 3647 ecclesiae
704 3604 759 3647 et
783 3611 1022 3663 personae
1038 3604 1226 3646 vestrae
1244 3595 1569 3663 providimus
1595 3596 1929 3649 excellentis-
