2398 4152
652 429 1014 472 MoNAs'rERn
1057 429 1135 470 DE
1172 429 1373 469 BELLo.
1816 412 1884 468 57

11 537 41 605 32.
162 551 470 620 capitulum,
510 552 810 603 nullatenus
853 552 963 602 sine
1003 551 1206 602 abbatis
1248 558 1513 618 praecepto
1556 550 1640 600 vel
1676 550 1888 601 licentia

19 630 22 632 ’
164 644 264 687 eat.
340 635 502 689 Quod
527 635 571 686 si
594 635 731 686 forte
755 635 1015 703 presbiter
1039 634 1094 684 in
1133 652 1340 700 gravem
1375 632 1621 683 ceciderit
1662 633 1886 701 culpam,

163 719 276 786 ipsa
299 726 515 788 propter
538 719 637 770 hoc
663 719 863 788 capella
885 737 991 769 non
1028 718 1266 780 cessabit,
1295 718 1385 768 sed
1428 717 1561 768 alius
1595 717 1706 767 vice
1744 717 1889 767 illius

163 802 451 852 secundum
510 802 713 853 abbatis
767 801 1117 870 provisionem
1174 800 1627 861 sumministrabit,
1683 800 1889 868 eritque

162 883 418 935 confessio
453 894 629 936 reatus
668 893 722 936 et
761 883 1081 952 poenitentia
1122 883 1398 951 presbiteri
1441 882 1799 949 delinquentis
1832 884 1888 934 in

160 985 321 1017 manu
359 967 609 1036 episcopi,
644 976 698 1018 et
732 966 1064 1017 forisfactura
1098 965 1261 1015 sancti
1301 965 1539 1015 Martini.
1617 965 1889 1032 Synodum

166 1067 378 1118 quoque
413 1051 554 1101 adire
597 1050 758 1101 abbas
804 1068 900 1100 nec
946 1056 1355 1109 summoneatur,
1396 1057 1458 1098 ut
1491 1066 1649 1115 supra
1703 1050 1890 1100 confir-

171 1141 372 1184 matum
394 1132 744 1194 meminimus,
771 1150 868 1182 nec
895 1139 1128 1198 cogatur.

237 1215 339 1266 His
383 1216 624 1268 omnibus
671 1234 701 1266 a
748 1223 863 1265 toto
903 1214 1216 1265 Cicestrensi
1243 1213 1478 1281 capitulo
1516 1213 1593 1264 ita
1632 1214 1888 1264 concessis

165 1307 219 1350 et
262 1307 404 1351 carta
440 1318 561 1350 cum
590 1298 874 1367 episcopali
912 1296 1227 1348 auctoritate
1262 1296 1597 1358 confirmatis,
1639 1296 1694 1346 in
1728 1296 1889 1365 hujus

167 1385 246 1435 rei
273 1383 636 1436 testimonium
672 1383 825 1433 datus
863 1389 942 1432 est
967 1381 1032 1432 ab
1059 1381 1251 1431 abbate
1293 1391 1347 1430 et
1381 1380 1648 1430 monachis
1685 1399 1890 1431 monas-

165 1467 287 1518 terii
338 1467 402 1518 de
455 1466 608 1518 Bello
654 1466 825 1516 eidem
877 1464 1193 1515 Cicestrensi
1233 1463 1465 1514 ecclesiae
1504 1463 1638 1514 liber
1677 1465 1890 1531 quidam

166 1549 507 1619 epistolarum
543 1548 686 1599 beati
721 1547 991 1608 Ieronimi‚
1033 1564 1205 1597 coram
1263 1545 1446 1596 multis
1485 1546 1608 1596 hinc
1658 1547 1888 1616 indeque

165 1634 405 1685 testibus.
501 1631 615 1683 Nec
664 1638 841 1682 tamen
904 1630 1004 1680 hoc
1067 1637 1274 1679 tantum
1334 1630 1621 1679 venerabili
1683 1631 1891 1683 suffecit

165 1716 409 1784 episcopo
436 1714 689 1776 Radulfo,
704 1714 806 1781 sed
830 1712 994 1779 magis
1018 1713 1264 1763 affectum
1291 1711 1440 1779 (quia
1465 1713 1635 1763 eidem
1660 1715 1892 1780 gratuita

162 1800 331 1868 gratia
355 1798 790 1850 consederabatur
833 1796 1066 1847 ecclesiae
1108 1796 1171 1846 de
1211 1795 1384 1862 Bello)
1420 1795 1629 1863 plenius
1673 1797 1890 1848 dilatare

164 1902 479 1952 proponens,
529 1901 648 1933 cum
704 1881 840 1931 forte
888 1879 1076 1930 ultima
1124 1898 1229 1946 qua
1275 1878 1402 1928 illuc
1464 1880 1743 1931 advenerat
1780 1882 1891 1932 vice

165 1967 379 2018 hiemali
411 1967 547 2017 festo
584 1964 748 2015 sancti
784 1964 1062 2014 interesset
1085 1961 1325 2023 Martini,
1353 1980 1525 2012 coram
1551 1962 1750 2013 clericis
1786 1965 1893 2015 suis

166 2050 479 2102 nominatim
524 2048 758 2100 Henrico
797 2046 1178 2108 archidiaconO,
1223 2045 1445 2096 Carlone
1489 2054 1719 2109 cantore,
1757 2047 1894 2097 Rot-

0 1800 7 1830 ῑ

0 1875 9 1928 ἱ

0 1962 9 2056 ἶ

165 2136 316 2186 b'erto
378 2134 441 2184 de
492 2131 791 2194 Andevilla,
862 2129 1095 2201 Radulfo
1141 2129 1304 2192 caIVO,
1357 2137 1411 2180 et
1462 2129 1646 2180 vicinis
1694 2131 1892 2191 multis,

165 2217 560 2285 innumerisque
587 2215 680 2284 qui
706 2215 1072 2266 confluxerant
1106 2213 1391 2281 promiscui
1417 2231 1575 2263 sexus
1613 2221 1668 2265 et
1697 2214 1894 2265 ordinis

163 2302 480 2365 hominibus,
505 2301 646 2352 inter
670 2306 993 2351 sacrosancta
1014 2297 1289 2347 missarum
1314 2296 1585 2359 sollennia,
1613 2296 1895 2364 dignitates

167 2396 222 2439 et
263 2387 534 2437 libertates
571 2383 805 2453 ejusdem
859 2380 1094 2432 ecclesiae
1131 2379 1344 2447 publica
1383 2397 1507 2430 voce
1556 2381 1894 2431 concionatus

166 2469 436 2523 testificari
475 2475 529 2520 et
557 2465 840 2535 episcopali
865 2465 1176 2515 auctoritate
1204 2462 1409 2512 studuit
1433 2462 1768 2526 confirmare;
1793 2464 1893 2515 hoc

166 2555 409 2607 omnibus
443 2551 800 2612 manifestans,
827 2567 880 2598 se
914 2566 1010 2598 nec
1036 2564 1250 2596 suorum
1276 2564 1595 2613 quemquam
1635 2564 1896 2598 successo-

166 2658 284 2691 rum
328 2637 519 2688 debere
557 2653 654 2685 nec
706 2651 857 2701 posse
895 2631 1089 2682 ibidem
1135 2629 1427 2698 imperandi
1465 2630 1548 2680 vel
1594 2630 1894 2681 dominandi

166 2730 260 2774 aut
303 2719 596 2789 cujuspiam
642 2715 984 2785 subjectionis
1026 2713 1377 2764 calumniandi
1427 2732 1633 2764 causam
1683 2714 1894 2776 habere,

168 2814 394 2873 excepto
450 2802 494 2854 si
538 2820 643 2870 qua
699 2800 774 2850 eis
834 2798 1206 2867 impendantur
1251 2795 1478 2864 benigne
1529 2796 1640 2847 sola
1686 2805 1896 2848 tantum

169 2888 438 2940 caritativa
489 2883 801 2936 exibitione.
901 2881 1017 2932 Nec
1072 2899 1125 2930 se
1171 2880 1457 2947 quicquam
1496 2879 1694 2930 ibidem
1743 2881 1897 2931 aliter

167 2991 318 3042 posse
362 2978 455 3022 aut
501 2968 635 3020 velle
685 2985 755 3017 ex
785 2965 966 3016 debito
999 2963 1287 3032 requirere,
1329 2963 1427 3013 hoc
1463 2963 1573 3013 solo
1618 2972 1896 3014 contentus

171 3056 313 3125 quod
337 3053 568 3122 gratuita
599 3050 993 3119 impenderetur
1034 3047 1266 3098 caritate.
1345 3046 1463 3097 Hoc
1491 3047 1706 3113 quidem
1733 3047 1896 3097 eccle-

170 3140 261 3191 siae
287 3137 427 3189 Belli
453 3134 747 3205 episcopale
773 3131 1134 3184 testimonium
1171 3149 1236 3180 ne
1276 3130 1331 3180 in
1366 3138 1637 3197 posterum
1662 3131 1898 3181 abolere-

170 3232 274 3286 tur,
302 3222 499 3273 calamo
525 3235 763 3270 exarasse
790 3215 922 3266 utile
946 3214 1118 3264 visum
1144 3221 1239 3263 est.

243 3306 387 3360 Quia
409 3322 550 3366 vero,
568 3309 631 3353 ut
654 3299 991 3369 praelibatum
1018 3304 1114 3357 est,
1144 3296 1385 3362 quaedam
1413 3314 1482 3345 ex
1507 3295 1897 3363 pretiosissimis
1919 3315 2037 3362 ques
2052 3322 2072 3345 a
2090 3323 2166 3346 now

172 3398 464 3442 sanctarum
487 3385 850 3453 reliquiarum,
876 3379 1201 3449 philacteriis
1225 3378 1680 3442 intercidentibus,
1721 3398 1897 3431 causa·
1916 3356 2082 3469 Ξὲξῖἵ
2096 3355 2133 3387 ⁰5

172 3491 288 3524 rum
312 3468 618 3522 infortuniis
643 3474 858 3535 argento
891 3482 1125 3531 auroque
1166 3462 1433 3530 expoliata
1470 3462 1777 3525 extiterant,
1815 3481 1897 3513 re-

171 3555 460 3624 liquiaeque
487 3559 783 3605 sanctorum
812 3547 1213 3616 quamplurimae
1230 3565 1297 3597 ex
1315 3546 1459 3614 ipsis,
1482 3546 1564 3596 vel
1589 3547 1729 3598 unde
1757 3547 1896 3597 unde
