2398 4152
516 457 542 506 1
552 457 621 508 38
1014 467 1298 508 HISTORIA
1341 466 1752 508 FUNDATIONIS

503 591 732 642 fratrum
758 590 966 641 delatus
1008 597 1089 642 est
1117 590 1432 660 capitulum,
1459 590 1571 642 illic
1595 609 1694 659 pro
1728 590 1833 642 loci
1873 589 2263 642 consuetudine
2331 586 2333 590 ⁴

505 675 795 726 emissurus
822 675 1090 744 spiritum.
1169 674 1283 726 Ubi
1309 675 1485 726 cinere
1511 682 1566 726 et
1590 674 1764 726 cilicio
1791 675 2060 727 substrato
2097 675 2262 743 depo·
2333 728 2337 731 ,

502 759 654 823 situs,
689 768 912 828 repente
956 759 1135 811 omnia
1174 759 1409 828 corporis
1447 760 1687 811 membra
1722 777 1845 827 quae
1877 759 2084 827 pridem
2112 774 2263 827 prae-
2328 799 2330 802 -

501 855 714 895 mortua
729 844 1047 896 videbantur
1072 843 1239 913 coepit
1254 863 1482 908 movere,
1502 852 1558 895 et
1581 851 1734 895 motu
1762 842 2028 895 labiorum
2052 851 2265 912 gestum

502 928 776 997 loquentis
822 929 1140 998 exprimere.
1240 928 1512 980 Excitatis
1560 927 1818 980 fratribus
1867 928 2134 992 omnibus»,
2183 927 2265 979 ori
2331 939 2335 982 ἶ

504 1015 620 1083 ejus
660 1014 756 1082 qui
779 1014 1001 1083 propius
1035 1013 1355 1065 assistebant
1390 1031 1544 1064 aures
1585 1012 1968 1075 adhibuerunt,
2008 1012 2121 1072 sed,
2140 1030 2264 1065 cum
2322 1044 2335 1082 ..¹

505 1098 648 1149 solus
699 1106 837 1149 esset
886 1098 1075 1149 sibilus
1123 1099 1235 1149 sine
1286 1116 1433 1160 voce,
1483 1097 1620 1148 nihil
1667 1115 1854 1148 eorum
1900 1113 2025 1165 quae
2084 1097 2262 1150 dicere
2331 1119 2333 1122 ·

502 1183 820 1235 intendebat
867 1190 1164 1252 potuerunt
1213 1182 1529 1234 discernere.
1630 1181 1805 1233 Nocte
1851 1189 2264 1246 transcurrente,
2319 1198 2327 1254 'V

504 1286 628 1319 cum
671 1269 785 1337 jam
833 1285 988 1317 mane
1041 1266 1344 1329 diluxisset,
1397 1266 1627 1317 animam
1674 1266 1732 1317 in
1779 1284 1968 1318 manus
2015 1265 2264 1319 volunta·
2324 1276 2335 1337 ss

503 1360 723 1419 temque
752 1350 1019 1403 Creatoris
1046 1350 1128 1402 sui
1153 1350 1389 1401 reddidit
1413 1350 1669 1401 fratribus
1695 1350 2181 1413 circumstantibus,
2210 1359 2267 1403 et
2330 1337 2335 1414 1ζ

502 1437 929 1505 proficiscentem
955 1454 1077 1486 cum
1103 1435 1406 1486 orationum
1431 1435 1713 1486 devotione
1741 1434 1977 1486 Domino
1995 1453 2262 1487 commen·
2323 1487 2345 1502 q.

503 1521 772 1573 dantibus.
850 1519 1120 1587 Exequiis
1162 1526 1226 1569 ut
1267 1519 1492 1570 decebat
1540 1537 1638 1587 per
1685 1518 1914 1570 biduum
1958 1518 2256 1583 celebratis,
2327 1518 2333 1566 s

501 1605 716 1656 demum
744 1614 887 1656 terra
911 1612 1070 1655 terrae
1098 1622 1169 1654 ex
1201 1622 1309 1671 qua
1345 1611 1557 1671 sumpta
1591 1611 1673 1654 est
1711 1603 1974 1667 redditur,
2001 1612 2058 1656 et
2082 1623 2258 1656 coram
2323 1635 2333 1676 s

499 1690 689 1759 majori
715 1689 993 1753 crucifixo,
1022 1697 1077 1739 et
1107 1687 1262 1740 altari
1296 1687 1467 1739 crucis
1503 1687 1766 1739 Crucifixi
1797 1688 2074 1757 sepelitur.
2138 1689 2257 1759 Ap·
2322 1737 2327 1740 .

498 1774 705 1844 positus
732 1782 814 1825 est
837 1773 1005 1841 igitur
1031 1773 1098 1824 ad
1121 1781 1301 1842 patres
1327 1791 1450 1824 suos
1475 1791 1613 1824 anno
1650 1772 2035 1825 incarnationis
2069 1772 2260 1825 Domi·
2318 1779 2319 1783 ’

496 1860 632 1911 nicae
654 1859 937 1911 millesimo
965 1858 1255 1910 centesimo
1281 1856 1672 1926 septuagesimo
1691 1857 1884 1925 primo,
1903 1858 2258 1926 promotionis

497 1964 609 1996 suae
636 1963 776 1996 anno
810 1943 1076 1995 tricesimo
1105 1942 1282 2005 tertio,
1310 1941 1594 1992 undecimo
1632 1941 1885 1993 kalendas
1910 1941 2062 1994 Julii.
2139 1941 2254 1997 Qui
2326 1942 2329 1961 ³

496 2047 619 2080 cum
639 2029 697 2081 in
720 2029 906 2080 multis
933 2028 1184 2097 operibus
1210 2027 1319 2078 suis
1344 2026 1500 2077 bonis
1526 2026 1717 2077 merito
1744 2026 1814 2078 sit
1846 2025 2160 2090 laudandus,
2197 2027 2255 2080 in
2313 2030 2316 2035 ’

492 2114 594 2165 1100
622 2122 799 2166 tamen
843 2113 1117 2182 praecipue
1151 2119 1233 2162 est
1271 2110 1630 2174 admirandUS,
1660 2111 1806 2179 quod
1845 2129 1966 2162 cum
2004 2129 2088 2162 res
2130 2130 2252 2181 pos·
2312 2108 2318 2141 ²³

492 2199 858 2266 sessionesque
884 2197 1121 2248 ecclesiae
1146 2195 1458 2247 hostilitatis
1482 2203 1722 2263 tempore
1746 2194 1979 2263 plurima
2003 2213 2075 2246 ex
2097 2205 2250 2264 parte
2316 2207 2318 2210 '

493 2283 769 2335 distractas
794 2282 966 2333 multo
1001 2281 1179 2332 labore
1205 2288 1261 2331 et
1297 2279 1547 2349 expensis
1583 2279 1876 2330 innumeris
1906 2280 2252 2344 revocaverit,¹
2320 2282 2326 2319 ἵ

494 2368 712 2419 domum
738 2366 899 2418 statui
928 2366 1156 2435 pristino
1180 2365 1499 2428 restituerit,
1522 2364 1798 2416 ecclesiam
1818 2372 2250 2417 ornamentorum
2314 2406 2326 2410 ,

491 2452 725 2521 plurima
754 2451 1011 2503 varietate
1045 2450 1389 2513 decoraverit,
1429 2450 1645 2500 domum
1676 2457 1857 2500 tamen
1895 2449 2065 2517 ipsam
2100 2448 2252 2501 nullo
2306 2443 2329 2504 f¹
2380 2470 2387 2502 f:

491 2537 711 2605 penitus
731 2536 915 2588 debito
935 2535 1083 2587 intus
1099 2535 1183 2587 vel
1209 2543 1365 2586 extra
1389 2533 1681 2602 obligatam
1705 2532 1930 2601 reliquit
1950 2553 1963 2596 3
1990 2533 2249 2585 ministris
2310 2558 2329 2602 g
2385 2548 2388 2552 ’

489 2621 839 2673 nihilominus
867 2628 973 2672 tam
1001 2620 1111 2671 suis
1133 2620 1227 2689 qui
1245 2619 1347 2671 sibi
1371 2618 1688 2670 familiarius
1709 2618 2070 2681 adhaerebant,
2090 2637 2251 2686 quam
2318 2623 2333 2659 ἕ

489 2706 573 2757 his
600 2707 696 2774 qui
730 2706 787 2757 in
826 2704 1097 2756 communi
1128 2704 1356 2755 fratrum
1394 2703 1851 2755 administratione
1889 2711 2040 2754 erant
2082 2703 2157 2754 sic
2193 2703 2251 2755 in
2316 2721 2317 2726 ¹
2378 2707 2388 2770 j

491 2791 739 2842 omnibus
762 2789 1014 2859 providit,
1041 2797 1105 2839 ut
1129 2807 1290 2840 nemo
1311 2807 1496 2839 eorum
1540 2789 1606 2839 de
1641 2788 1725 2838 his
1770 2804 1893 2856 quae
1919 2787 2023 2839 sibi
2047 2806 2251 2840 recom-
2321 2819 2323 2823 <

489 2875 748 2945 pensandi
782 2873 978 2926 laboris
1023 2873 1108 2924 sui
1146 2873 1319 2941 gratia
1343 2873 1698 2936 debebantur,
1737 2873 2028 2941 quicquam
2068 2873 2248 2924 deesse
2310 2867 2315 2882 ²

488 2961 681 3012 merito
706 2968 886 3028 posset
920 2958 1140 3010 causari.
1219 2957 1395 3026 Super
1429 2957 1547 3008 haec
1587 2957 1781 3020 omnia,
1808 2965 2060 3026 argentea
2100 2974 2249 3026 quae-
2302 3025 2304 3028 v
2331 2949 2335 2955 ¹

490 3045 611 3096 dam
649 3063 772 3096 vasa
809 3043 1041 3095 moriens
1073 3042 1310 3093 ecclesiae
1344 3041 1651 3110 dereliquit,
1694 3060 1766 3092 ex
1803 3042 2001 3110 quibus
2046 3043 2114 3094 ad
2152 3043 2248 3095 ho·
2308 3046 2317 3088 Γ
2371 3063 2373 3067 ’

487 3148 673 3181 norem
699 3129 807 3180 Dei
833 3137 887 3179 et
912 3128 1080 3197 ipsius
1104 3126 1416 3178 memoriam
1453 3125 1735 3176 fabrifacta
1770 3134 1849 3177 est
1883 3145 2044 3195 super
2076 3128 2248 3197 majus
2306 3152 2312 3157 ·
2367 3143 2374 3159 ··

487 3214 652 3265 altare
716 3213 1021 3283 dependens
1083 3230 1292 3274 corona,
1345 3229 1474 3262 auro
1524 3211 1592 3262 ad
1640 3210 1810 3279 ipsius
1855 3210 2247 3263 inaurationem
2306 3247 2318 3277 ,·

486 3299 685 3361 addito,
713 3298 875 3349 simili
900 3296 1123 3348 materia
1146 3296 1483 3347 fabrifactam
1515 3295 1717 3346 habens
1746 3295 1803 3346 in
1841 3295 2017 3346 medio
2043 3295 2246 3347 colum·
2308 3322 2313 3363 3⁴
2369 3316 2371 3341 ;

485 3384 624 3446 bam,
668 3400 861 3450 corpus
906 3380 1252 3432 Dominicum
1297 3380 1676 3432 continentem.
1755 3379 1933 3448 Igitur
1976 3398 2046 3431 ex
2097 3387 2247 3432 tanta
2301 3429 2319 3447 2
2368 3411 2370 3414 ·

483 3466 865 3518 beneficiorum
909 3466 1025 3534 ejus
1058 3464 1446 3527 recordatione,
1493 3464 1748 3515 memoria
1790 3464 1960 3532 ipsius
1996 3464 2143 3533 viget
2184 3464 2242 3516 in
2366 3459 2368 3463 ’

482 3551 773 3620 multiplici
800 3550 1194 3602 benedictione.
2300 3602 2329 3626 ⁷.

552 3635 740 3686 Rebus
789 3633 1034 3686 humanis
1090 3634 1163 3684 sic
1223 3641 1479 3701 exempto
1526 3633 1639 3684 viro
1688 3632 1982 3684 venerabili
2045 3633 2238 3686 abbate
