2398 4152
707 408 1068 450 MONASTERII
1110 410 1188 449 DE
1231 410 1434 450 BELLO.
1869 401 1934 449 25

213 532 369 594 cinio,
397 540 451 583 et
476 532 617 582 omni
635 534 1013 585 consuetudine
1041 543 1262 584 terrenae
1288 533 1573 596 servitutis,
1601 542 1655 583 et
1692 533 1755 583 ab
1795 531 1936 583 omni

213 615 491 666 exactione
530 623 585 665 et
626 616 954 685 subjectione
998 617 1364 685 episcoporum
1402 616 1689 678 Cicestriae,
1718 624 1772 666 et
1809 617 1937 683 qu'a-

211 698 462 748 rumlibet
496 716 836 765 personarum
872 699 1260 761 dominatione;
1302 700 1378 750 ita
1403 708 1465 750 ut
1488 699 1702 762 nulliuS,
1741 706 1937 766 praeter

210 781 413 831 abbatis
465 792 520 831 et
562 781 934 832 monachorum
977 784 1110 850 ejuS,
1167 782 1358 833 ditioni
1402 782 1688 850 subjaceat,
1732 800 1829 833 nec
1879 781 1936 831 in

211 864 324 931 ipsa
348 863 431 913 vel
455 864 510 914 in
544 864 722 931 aliqua
745 865 979 932 ejusdem
1018 864 1251 915 ecclesiae
1291 865 1614 932 possessione
1656 864 1936 932 quisquam

211 946 466 1014 placitari,
493 956 587 997 aut
609 947 805 1008 venari,
833 947 915 997 vel
942 946 1218 1014 quodlibet
1241 947 1514 1013 negotium
1540 965 1786 997 exercere
1823 946 1935 996 sine

210 1029 550 1095 permissione
594 1037 896 1096 praesumat,
936 1046 1092 1095 super
1134 1027 1520 1078 forisfacturam
1563 1028 1791 1095 regiam3
1838 1046 1935 1078 nec

210 1112 369 1162 etiam
394 1112 437 1161 si
463 1129 585 1162 casu
612 1101 897 1179 quicquam
922 1119 1135 1178 captum
1160 1111 1324 1162 fuerit
1349 1111 1614 1175 efferatur,
1642 1112 1734 1162 sed
1771 1111 1935 1162 eccle-

210 1194 301 1245 siae
340 1195 424 1245 sit.

282 1276 492 1328 Interea
545 1277 814 1328 nonnullis
851 1277 977 1328 illuc
1013 1277 1284 1345 religionis
1321 1278 1581 1329 desiderio
1623 1278 1936 1329 confluenti-

208 1362 324 1423 bus,
390 1361 789 1429 quampluribus
849 1361 1008 1412 etiam
1059 1361 1252 1412 liberos
1289 1379 1410 1412 suos
1469 1362 1526 1411 in
1587 1361 1692 1411 Dei
1740 1362 1935 1412 instru-

210 1446 370 1495 endos
429 1445 643 1495 servitio
706 1444 1066 1507 offerentibUS,
1130 1445 1364 1496 ecclesiae
1427 1444 1650 1496 utilitati
1698 1464 1792 1513 per
1829 1446 1934 1496 sin-

208 1530 333 1597 gula
375 1529 654 1579 intendens
706 1546 821 1589 rex,
867 1546 937 1577 ex
978 1528 1059 1578 his
1102 1547 1234 1596 quos
1282 1548 1313 1579 a
1361 1528 1557 1597 Majori
1609 1528 1937 1580 Monasterio

208 1612 466 1663 acciverat
492 1612 753 1679 quendam
777 1612 1108 1674 monachum,
1135 1613 1379 1680 equidem
1421 1620 1697 1662 strenuum
1735 1620 1790 1662 et
1815 1612 1935 1663 reli-

206 1695 352 1762 gioni
394 1694 623 1745 maxime
671 1694 926 1757 deditum,
974 1694 1335 1746 Gausbertum
1383 1696 1612 1757 nomine,
1661 1697 1935 1764 praedictae

209 1778 442 1828 ecclesiae
468 1778 711 1828 abbatem
736 1778 1007 1845 praefecit;
1049 1797 1110 1829 ea
1134 1787 1309 1829 tamen
1336 1780 1653 1842 conditione,
1681 1788 1743 1830 ut
1766 1780 1936 1830 nulla-

207 1871 363 1911 tenus
388 1861 501 1928 ipse
526 1861 610 1911 vel
635 1879 991 1912 suceessorum
1017 1863 1131 1929 ejus
1168 1861 1360 1928 aliquis
1386 1862 1582 1930 Majori
1609 1862 1936 1913 Monasterio

207 1945 534 2012 subjaceret3
586 1944 679 1994 sed
719 1953 782 1994 ut
827 1945 1135 2011 religionem
1189 1945 1385 1995 ibidem
1440 1944 1608 1995 adhuc
1655 1945 1933 2008 novellam,

207 2046 302 2078 sua
357 2026 638 2095 prudentia
717 2027 785 2077 ad
835 2029 1129 2095 perfectum
1187 2029 1517 2095 perduceret,
1587 2037 1747 2096 atque
1815 2036 1936 2097 post

205 2111 378 2178 ipsum
445 2109 587 2161 omni
640 2118 874 2178 tempore
926 2130 1086 2179 quem
1148 2111 1249 2162 sibi
1317 2130 1532 2162 concors
1598 2113 1934 2180 congregatio

204 2194 426 2243 fratrum
486 2192 797 2260 regulariter
851 2194 1090 2261 elegerit,
1157 2195 1220 2245 de
1285 2196 1465 2246 eadem
1507 2196 1933 2262 congregatione,

205 2276 438 2327 ecclesiae
485 2275 625 2327 Belli
670 2295 790 2326 cum
831 2277 970 2344 regis
1026 2276 1299 2329 voluntate
1342 2279 1500 2330 abbas
1553 2279 1872 2329 succederet.

279 2353 583 2410 Gausberto
632 2359 814 2427 itaque
855 2361 1040 2423 electo,
1083 2380 1202 2411 cum
1246 2362 1312 2412 ad
1355 2381 1475 2411 eum
1519 2361 1934 2412 benedicendum
1956 2398 2070 2431 Abho,
2093 2400 2200 2429 Gaus-

207 2443 483 2510 episcopus
542 2441 883 2493 Cicestrensis
935 2443 1221 2510 Stigandus
1270 2445 1571 2496 nullatenus
1637 2445 1933 2506 assentiret,
1956 2440 2041 2472 hm·

206 2526 306 2575 nisi
347 2525 653 2576 Cicestriam
691 2526 1080 2576 benedicendus
1118 2527 1302 2590 adiret,
1343 2546 1519 2594 regem
1561 2528 1655 2577 hac
1680 2528 1744 2577 de
1782 2546 1937 2579 causa

208 2609 457 2677 providus
482 2609 641 2659 abbas
667 2618 818 2659 caute
844 2610 1038 2670 adivit3
1079 2628 1286 2660 causam
1325 2610 1594 2678 exposuit,
1623 2611 1754 2678 quid
1778 2630 1935 2677 agen-

208 2692 333 2742 dum
371 2691 510 2742 foret
539 2691 830 2759 inquisivit.
921 2693 1047 2746 Quo
1084 2693 1313 2760 cognito,
1353 2694 1657 2760 indignatus
1691 2713 1787 2744 rex
1825 2695 1935 2762 epi-

207 2794 364 2843 scopo
408 2775 776 2826 interminatus
810 2776 1084 2844 praecepit,
1122 2777 1374 2844 quatinus
1400 2778 1639 2827 abbatem
1680 2777 1732 2826 in
1770 2778 1934 2827 eccle÷

207 2859 283 2908 sia
343 2859 509 2910 sancti
559 2859 782 2909 Martini
841 2860 907 2910 de
959 2860 1128 2923 Bello,
1192 2861 1335 2910 omni
1396 2868 1595 2910 remota
1656 2860 1931 2923 calumnia,

204 2942 562 3004 benediceret3
591 2961 654 2993 eo
675 2942 834 2993 etiam
854 2943 1025 3004 modo,
1045 2952 1107 2993 ut
1121 2943 1230 2993 illic
1246 2944 1374 3011 ipse,
1396 2943 1479 2994 vel
1495 2962 1708 2994 suorum
1723 2943 1931 3010 aliquis,

207 3027 388 3076 eodem
432 3026 516 3076 die
556 3045 626 3076 ex
665 3026 1046 3076 consuetudine
1089 3045 1185 3077 nec
1224 3027 1580 3094 hospitaretur
1622 3045 1718 3076 nec
1757 3026 1932 3076 cibum

208 3109 420 3176 quidem
460 3119 706 3172 sumeret,
734 3108 790 3158 in
828 3109 1189 3160 testimonium
1214 3110 1460 3160 videlicet
1497 3109 1756 3160 libertatis
1794 3111 1932 3177 ejus-

206 3193 326 3242 dem
374 3192 625 3243 ecclesiae.
703 3192 924 3242 Factum
973 3201 1054 3243 est
1094 3212 1250 3259 ergo3
1310 3202 1363 3243 et
1405 3193 1593 3243 abbate
1634 3192 1933 3243 Gausberto

209 3284 328 3326 ante
372 3276 534 3326 altare
578 3277 743 3326 sancti
781 3275 1004 3326 Martini
1047 3276 1110 3326 de
1138 3275 1291 3325 Bello
1332 3275 1626 3337 benedicto,
1666 3283 1826 3342 atque
1876 3275 1932 3325 in

205 3358 378 3409 locum
423 3378 577 3409 suum
603 3360 667 3409 ab
695 3359 942 3426 episcopo
970 3358 1241 3419 collocato,
1270 3352 1572 3408 memoriale
1598 3360 1662 3409 ad
1699 3367 1933 3426 posteros

205 3442 428 3504 transiit,
456 3442 727 3493 ecclesiam
763 3443 826 3492 de
854 3442 1005 3491 Bello
1042 3442 1106 3491 ab
1146 3443 1287 3492 omni
1327 3442 1604 3493 exactione
1640 3451 1694 3493 et
1731 3443 1933 3511 subjec-

207 3525 349 3575 tione
379 3526 741 3594 episcoporum
771 3525 1037 3575 Cicestriae
1064 3525 1279 3576 liberam
1306 3545 1433 3588 esse,
1462 3526 1598 3578 sicut
1621 3527 1933 3578 dominicam
