2398 4152
467 437 536 488 32
971 445 1253 487 HISTORIA
1292 445 1699 485 FUNDATIONIS

455 571 713 640 injunctae
739 569 946 621 utiliter
983 576 1199 637 operam
1237 569 1404 633 daret,
1431 576 1723 630 revocatUS,
1752 586 1824 618 ex
1860 586 1957 637 pro
1986 582 2212 621 summae:

453 654 726 722 religionis
750 653 1012 704 industria
1039 652 1284 704 Torneiae
1310 653 1473 704 abbas
1510 652 1730 703 effectus
1768 659 1868 703 est.
1943 650 2035 702 Ad
2068 665 2216 720 prm—

456 738 715 790 dictarum
740 756 864 790 vero
904 755 1085 788 curam
1120 736 1461 788 ecclesiarum
1502 735 1639 787 alius
1666 735 1884 803 quidam
1922 735 2212 787 monachus

455 840 575 874 cum
602 821 834 873 efficacia
877 821 1243 889 magnanimus
1285 819 1434 872 Cono
1474 819 1706 882 nomine,
1751 819 2003 889 adjuncto
2048 819 2216 873 etiam

455 906 557 958 sibi
609 907 840 974 quodam
886 907 1048 958 fratre
1097 905 1310 956 nomine
1361 905 1646 967 Rotberto,
1710 904 2024 967 destinatus,
2081 922 2215 957 mox

458 991 903 1060 quemadmodum
928 990 1179 1041 intimum
1204 989 1426 1041 decebat
1453 989 1688 1040 ecclesiae
1713 988 1904 1053 filium,
1931 989 1999 1040 ad
2016 1007 2218 1058 augen-

457 1076 585 1127 dum
627 1084 683 1127 et
725 1074 1095 1127 extollendum
1144 1074 1247 1125 sibi
1296 1074 1475 1125 locum
1531 1074 1870 1125 commissum
1910 1073 2118 1125 utiliter
2154 1073 2212 1125 in

455 1169 729 1229 posterum
754 1159 1097 1228 prospiciens,
1126 1158 1362 1210 animum
1389 1158 1667 1210 convertit.
1743 1157 2007 1209 Pecunias
2043 1156 2217 1226 siqui-

456 1244 576 1295 dem
601 1243 911 1294 reddituum
929 1243 1014 1294 vel
1033 1243 1382 1305 oblationum,
1411 1261 1507 1294 seu
1531 1243 1692 1294 etiam
1717 1261 1839 1294 cum
1864 1242 2221 1311 reliquiarum.

457 1327 587 1397 (quo
611 1328 753 1379 idem
789 1326 1075 1395 insignitur
1113 1327 1280 1396 locus)
1308 1327 1706 1379 circumlatione
1750 1327 2211 1396 praedicationum,

455 1409 540 1460 vel
574 1408 788 1459 aliunde
830 1426 927 1476 pro
961 1425 1115 1476 posse
1159 1409 1431 1472 adunatas,
1460 1417 1719 1460 terrarum
1745 1408 1830 1459 vel
1873 1407 2212 1459 ecclesiarum

456 1493 564 1543 sive
591 1493 912 1543 decimarum
938 1492 1299 1559 adquisitione
1327 1492 1402 1543 cis
1440 1492 1680 1561 citraque
1718 1494 1909 1544 urbem
1933 1491 2218 1544 Exonien-

459 1595 568 1627 sem
595 1575 830 1627 ecclesiae
855 1575 972 1626 loco
999 1575 1202 1627 scilicet
1229 1576 1331 1626 sibi
1358 1576 1635 1628 commisso
1660 1577 2034 1646 perpetuabat,
2067 1575 2219 1628 inde-

460 1677 563 1727 que
586 1659 845 1710 Tonantis
868 1659 1039 1728 gratia
1063 1659 1297 1710 favorem
1320 1679 1536 1729 quoque
1564 1660 2034 1730 compatriotarum
2055 1679 2217 1730 quam

457 1743 752 1794 maximum
794 1743 1086 1795 obtinebat.
1179 1743 1424 1813 Cumque
1479 1753 1534 1796 et
1576 1745 1715 1797 infra
1769 1747 1957 1797 urbem
2001 1764 2219 1815 quoque

458 1827 741 1879 nonnullas
780 1829 1078 1880 mansiones
1118 1829 1203 1881 vel
1250 1838 1414 1880 terras
1454 1830 1725 1899 emptione
1766 1850 1860 1882 seu
1901 1832 2216 1883 devotorum

459 1912 739 1979 largitione
771 1915 884 1983 jam
922 1913 1236 1982 possideret,
1289 1913 1609 1965 deliberavit
1659 1915 1875 1966 tandem
1924 1915 2004 1966 vir
2052 1933 2216 1984 sagax

460 1996 694 2065 ingeniO,
723 2017 786 2049 eo
814 1998 960 2067 quod
984 1998 1169 2049 eadem
1195 1998 1362 2050 sancti
1389 1997 1545 2049 Olavi
1569 1999 1792 2050 ecclesia
1815 1999 2022 2051 modica
2058 1999 2220 2063 foret,

462 2081 846 2134 monasterium
864 2082 921 2132 in
936 2081 1194 2133 honorem
1220 2082 1389 2134 sancti
1410 2082 1661 2134 Nicholai
1687 2083 2000 2135 confessoris
2018 2082 2219 2135 Christi

462 2167 530 2217 ad
578 2166 803 2217 fratrum
860 2165 1247 2217 habitationem
1314 2167 1713 2218 accommodum
1773 2187 1937 2237 penes
1998 2167 2221 2220 eandem

466 2250 739 2303 fabricare.
818 2250 945 2304 Quo
986 2268 1106 2301 cum
1149 2250 1450 2320 superstitis
1490 2251 1629 2319 regis
1655 2251 1920 2303 Willelmi
1962 2271 2221 2321 conques-

463 2335 594 2387 toris
636 2335 853 2401 licentia
901 2344 957 2386 et
1004 2335 1339 2400 auctoritate,
1385 2336 1622 2387 animum
1672 2355 1764 2405 spe
1800 2335 1857 2388 in
1899 2336 2020 2389 Deo
2060 2356 2221 2406 quam

462 2420 696 2472 maxime
723 2419 1120 2488 magnanimum
1146 2419 1328 2488 inopia
1366 2438 1474 2471 non
1514 2428 1852 2488 angustante,
1877 2421 2100 2473 mirifice
2138 2421 2223 2473 in·-

463 2505 671 2567 0110310,
697 2524 795 2574 pro
819 2523 974 2574 posse
1001 2504 1188 2556 diatim
1213 2503 1544 2573 proficiebat.
1611 2505 1881 2557 Paulatim
1907 2525 2033 2575 ergo
2059 2525 2219 2576 opere

463 2590 530 2640 ad
556 2589 805 2641 effectum
831 2590 1105 2653 tendente,
1134 2597 1189 2640 et
1215 2590 1400 2641 eodem
1419 2590 1533 2659 jam
1558 2589 1895 2658 aliquantum
1927 2590 2045 2642 loco
2070 2591 2219 2644 habi-

465 2672 617 2724 tabili
645 2672 931 2736 existente,
957 2673 1138 2725 accitis
1181 2673 1391 2742 aliquot
1426 2675 1494 2725 ab
1530 2675 1751 2727 ecclesia
1778 2675 1921 2727 Belli
1945 2675 2219 2739 fratribus,

465 2756 635 2825 coepit
678 2757 878 2808 ibidem
912 2757 1231 2825 regulariter
1270 2757 1510 2811 divinum
1554 2759 1810 2810 celebrari
1851 2759 2118 2824 officium3
2157 2761 2224 2812 ad

467 2843 754 2893 eorundem
796 2842 1024 2893 fratrum
1064 2842 1331 2910 stipendia
1373 2861 1494 2893 cum
1540 2843 1788 2894 omnibus
1829 2845 1896 2895 ad
1947 2844 2221 2896 ecclesiam

467 2926 633 2978 sancti
676 2926 830 2977 Olavi
878 2926 1292 2995 pertinentibus,
1339 2926 1560 2978 ecclesia
1605 2945 1822 2996 quoque
1866 2929 2120 2996 praedicta
2157 2930 2222 2980 de

469 3010 795 3074 Coluntuna,
823 3011 916 3062 ubi
955 3011 1106 3080 prius
1143 3011 1512 3063 habitaverant
1544 3012 1805 3075 monachi,
1834 3031 1954 3063 cum
1982 3015 2222 3083 quinque

467 3096 620 3147 terris
644 3097 1071 3165 praebendarum,
1099 3096 1303 3148 scilicet
1328 3096 1636 3165 Uppetona,
1668 3095 2010 3160 Colebroche,
2049 3098 2223 3150 Hine-

465 3179 638 3243 lande,
666 3181 900 3243 Waevre,
927 3180 1078 3243 Esse,
1107 3190 1162 3232 et
1187 3181 1434 3232 omnibus
1471 3182 1539 3232 ad
1563 3200 1677 3232 eam
1715 3182 2130 3251 pertinentibus,
2157 3184 2223 3235 ab

466 3264 656 3315 abbate
684 3274 739 3316 et
763 3274 1028 3317 conventu
1051 3265 1289 3317 ecclesiae
1317 3266 1486 3317 sancti
1513 3265 1740 3318 Martini
1764 3268 1829 3318 de
1856 3267 2028 3330 Bello,
2047 3267 2221 3318 eidem

469 3388 757 3432 simultatibus
789 3390 900 3431 inter
928 3390 1069 3446 ipsum
1106 3388 1301 3448 [Folear—
1388 3389 1717 3433 salesburiensis
1767 3391 1904 3433 fuerat
1965 3391 2227 3435 archidiac&

470 3445 571 3487 dum
596 3446 788 3489 Torneiae
809 3447 1105 3506 praepositum]
1126 3455 1167 3490 et
1199 3448 1301 3490 Lin-
1387 3463 1482 3503 nus,
1513 3448 1766 3492 successit.’'
1799 3448 2029 3492 Ordericus
2053 3450 2227 3504 vitalis,

471 3502 728 3546 colniensem
801 3507 1064 3561 episcopum,
1127 3506 1301 3548 recessit
1386 3522 1429 3572 p.
1449 3509 1548 3550 865.
1611 3506 1693 3549 His
1722 3506 1893 3564 epitaph
1915 3507 2000 3551 will
2016 3508 2070 3551 be
2092 3507 2223 3552 found

500 3559 758 3661 Folcardusgl
820 3570 862 3604 et
926 3563 1302 3606 Caenomannensis
1388 3579 1431 3606 m
1455 3564 1527 3607 the
1540 3578 1658 3607 same
1680 3564 1845 3608 author.

515 3625 703 3660 unterlus
761 3634 784 3661 e
805 3619 928 3662 Bello
950 3621 1198 3677 monachus,
1231 3621 1302 3678 qui
