2398 4152
704 432 1067 473 MONASTERII
1111 432 1190 471 DE
1233 432 1437 472 BELLo.
1837 421 1938 471 135

208 571 274 603 ne
297 552 518 603 lectores
542 553 875 605 auditoresve
900 554 1062 604 nimia
1080 553 1391 621 prolixitate
1410 553 1682 603 videamur
1702 572 1936 617 onerare,

207 635 340 686 libet
365 637 428 686 de
455 644 647 687 caetero
672 636 918 687 brevitati
943 637 1200 699 insistere,
1224 646 1278 687 et
1302 636 1551 705 prudenti
1576 637 1761 687 lectori
1785 637 1938 688 facile

206 719 564 785 cognoscenda
581 719 735 787 plura
758 720 938 787 paucis
964 720 1246 787 explicare.
1323 720 1644 787 Exequendi
1663 721 1939 788 pastoralis

207 801 367 851 officii
391 802 578 853 modus
613 803 663 853 ei
692 802 812 853 talis
846 803 1034 864 inerat,
1065 812 1126 853 ut
1158 803 1587 854 inobedientibus
1627 813 1680 854 et
1724 804 1937 855 indisci-

204 884 421 953 plinatis
445 885 676 953 rigidum
715 905 768 936 se
807 894 861 937 et
900 905 1139 937 severum
1179 886 1477 948 exhiberet,
1506 888 1791 939 mansuetis
1814 907 1936 938 vero

205 976 259 1018 et
298 968 669 1020 obedientibus
717 969 1029 1036 placabilem
1069 988 1123 1019 se
1169 978 1224 1020 et
1268 969 1572 1020 benivolum
1618 971 1932 1021 ostenderet.

205 1050 625 1102 Misericordiam
664 1052 944 1119 plurimam
989 1052 1126 1102 circa
1162 1071 1423 1120 pauperes
1465 1052 1665 1102 habens
1710 1053 1935 1103 esuriem

203 1151 384 1184 eorum
410 1134 545 1184 datis
570 1135 891 1202 reprimebat
916 1135 1195 1196 alimentis,
1224 1143 1278 1184 et
1303 1135 1598 1185 nuditatem
1624 1137 1938 1202 protegebat

161 1211 542 1269 *indumentis
618 1217 974 1286 Leprosorum
1010 1218 1241 1268 maxime
1280 1227 1335 1268 et
1360 1217 1839 1285 elephantiosorum
1873 1220 1937 1269 ab

201 1300 502 1351 hominibus
528 1301 777 1370 ejectioni
802 1300 1145 1368 compatienS,
1174 1319 1262 1351 eos
1288 1319 1394 1351 non
1420 1300 1590 1350 solum
1615 1320 1722 1351 non
1747 1302 1938 1352 abhor-

201 1383 368 1447 rebat,
394 1384 738 1435 verumetiam
763 1384 818 1434 in
844 1403 1066 1452 persona
1089 1384 1302 1452 propria
1326 1384 1400 1434 eis
1424 1384 1732 1451 frequenter
1755 1385 1935 1435 minis-

202 1475 360 1530 tranS,
389 1486 571 1518 eorum
595 1486 780 1518 manus
807 1468 1077 1535 pedesque
1118 1467 1380 1524 abluendo
1407 1467 1638 1530 fovebat,
1668 1475 1722 1517 et
1745 1467 1934 1519 intimo

202 1550 434 1601 caritatis
483 1550 806 1619 pietatisque
857 1551 1051 1601 affectu
1097 1550 1292 1601 blanda
1344 1550 1523 1601 oscula
1578 1550 1932 1618 imprimebat.

202 1633 506 1701 Dignitates
529 1634 909 1701 libertatesque
936 1634 1225 1684 commissae
1253 1633 1352 1684 sibi
1379 1633 1611 1684 ecclesiae
1634 1633 1936 1686 nullatenus

203 1735 387 1785 passus
431 1724 515 1768 est
557 1717 819 1781 imminui,
869 1736 966 1768 nec
1004 1736 1087 1768 res
1121 1717 1540 1785 possessionesve
1596 1718 1711 1786 ejus
1769 1718 1934 1784 negli-

198 1801 378 1868 gentia
404 1801 623 1852 distrahi
643 1801 730 1852 vel
756 1801 1014 1870 dissipari.
1076 1801 1268 1852 Curam
1287 1801 1678 1869 possessionum
1699 1802 1934 1853 ecclesiae
1959 1822 2024 1853 ms
2041 1832 2116 1854 care
2129 1822 2182 1854 for

198 1885 270 1935 sic
295 1884 410 1935 aliis
431 1886 812 1948 committebat,
835 1894 898 1936 ut
923 1894 1100 1936 tamen
1117 1886 1352 1936 omnium
1379 1886 1491 1952 ipse
1518 1902 1696 1935 curam
1710 1895 1932 1952 gereret.
1957 1863 2201 1945 ἶῑζῗοῗιῖῗιῖῗιο

197 1968 492 2019 Ecclesiam
516 1970 684 2037 ipsam
711 1988 870 2037 quam
893 1969 1201 2020 hostilitatis
1236 1977 1473 2036 tempore
1508 1969 1789 2035 regendam
1824 1987 1936 2019 sus·
1957 1945 2166 2026 {gffyrnonas-

196 2061 423 2120 ceperat,
475 2070 595 2103 cum
640 2054 883 2103 omnibus
933 2053 1041 2103 suis
1093 2053 1157 2103 ab
1206 2052 1441 2102 hostium
1488 2051 1785 2101 incursione
1834 2071 1930 2119 pro

196 2135 396 2186 viribus
420 2137 676 2204 protexit,
706 2145 759 2187 et
785 2155 906 2203 quae
935 2136 1142 2204 direpta
1174 2135 1387 2186 fuerant
1419 2135 1757 2203 postmodum
1788 2136 1931 2202 pacis

195 2226 428 2286 tempore
453 2219 676 2271 viriliter
695 2220 975 2271 revocavit.
1052 2219 1244 2270 Primis
1278 2218 1625 2286 promotionis
1652 2237 1762 2268 suae
1799 2227 1931 2269 tem-

193 2302 412 2369 poribus
471 2302 824 2371 hospitalitati
884 2322 991 2354 non
1051 2320 1435 2369 usquequaque
1492 2301 1673 2368 potuit
1728 2320 1928 2365 vacare,

197 2385 394 2453 quippe
439 2405 558 2437 cum
609 2387 709 2438 sibi
758 2406 934 2437 rerum
981 2386 1206 2437 facultas
1253 2386 1520 2435 videretur
1567 2385 1763 2435 deesse.
1842 2384 1930 2435 Sic

197 2468 340 2518 enim
382 2488 537 2537 paene
577 2480 770 2520 cuncta
813 2490 934 2538 quae
978 2469 1282 2520 monasterii
1322 2477 1470 2518 erant
1506 2486 1691 2518 manus
1721 2467 1928 2517 hostilis

192 2552 468 2615 invaserat,
496 2562 557 2604 ut
580 2554 845 2604 modicum
878 2554 1013 2603 illud
1056 2552 1200 2619 quod
1224 2552 1502 2602 videbatur
1545 2568 1834 2617 superesse,
1862 2551 1928 2601 ad

192 2636 630 2704 qualemcumque
657 2637 1095 2687 sustentationem
1120 2636 1344 2686 fratrum
1359 2635 1452 2685 vix
1467 2642 1646 2702 posset
1667 2634 1923 2686 sufficere.

192 2718 342 2770 Pacis
365 2721 703 2788 postmodum
729 2728 964 2787 tempore
991 2738 1111 2769 cum
1131 2720 1241 2786 jam
1267 2718 1495 2786 plurima
1534 2736 1605 2767 ex
1630 2725 1777 2784 parte
1803 2717 1928 2767 licet

192 2820 311 2854 cum
358 2803 536 2853 nimiis
595 2802 866 2853 laboribus
916 2810 971 2852 et
1019 2801 1267 2869 expensis
1318 2801 1568 2851 distracta
1615 2809 1923 2862 revocasset,

191 2885 375 2936 domus
412 2905 522 2937 suae
557 2895 753 2937 statum
787 2886 844 2936 in
883 2885 1074 2936 melius
1113 2892 1456 2948 commutans,
1493 2885 1738 2952 antiquas
1779 2885 1925 2934 debi—

190 2977 374 3038 tasque
418 2971 825 3021 consuetudines
858 2968 1113 3030 restituit,
1158 2968 1235 3018 ita
1269 2968 1485 3034 quidem
1524 2975 1586 3017 ut
1621 2968 1763 3017 omni
1804 2967 1924 3035 pul-

190 3054 324 3104 santi
356 3054 667 3122 aperiretur,
695 3053 1072 3121 hospitalitatis
1105 3052 1425 3102 beneficium
1455 3051 1728 3118 postulans
1767 3069 1921 3100 nemo

188 3138 450 3205 repulsam
475 3146 763 3206 pateretur,
793 3137 1037 3187 omnibus
1070 3154 1166 3203 pro
1206 3135 1464 3201 dignitate
1491 3153 1585 3184 seu
1620 3132 1922 3183 conditione

187 3239 524 3287 personarum
551 3220 785 3270 officium
801 3218 1146 3269 humanitatis
1167 3218 1526 3268 exhiberetur.
1589 3216 1924 3267 Visitationis

186 3305 353 3371 gratia
378 3305 613 3355 ecclesiae
640 3319 750 3354 suae
776 3302 1008 3352 maneria
1032 3302 1340 3368 frequenter
1366 3301 1512 3362 adiit,
1534 3319 1639 3350 non
1662 3300 1784 3367 plus
1808 3299 1924 3349 aliis

189 3388 403 3438 credens
454 3388 518 3438 de
559 3388 716 3437 rebus
761 3386 862 3436 sibi
905 3384 1191 3435 commissis
1238 3402 1395 3450 quam
1437 3383 1556 3445 sibi,
1604 3391 1657 3432 et
1697 3383 1752 3432 in
1795 3383 1923 3450 ipsis

188 3471 411 3522 aedificia
437 3471 802 3538 quorumlibet
826 3476 1109 3537 potentum
1135 3485 1192 3516 ac
1226 3466 1489 3516 nobilium
1527 3466 1766 3533 receptui
1801 3474 1925 3534 apta

189 3554 421 3605 construi
447 3554 593 3605 fecit.
670 3553 925 3604 Maneriis
959 3551 1087 3619 ipsis
1128 3550 1184 3600 in
1224 3549 1442 3600 dlversis
1474 3558 1529 3600 et
1561 3549 1777 3600 remotis
1808 3567 1926 3617 par-
