2398 4152
687 445 1054 487 MoNAsTERn
1097 447 1176 486 DE
1219 447 1426 489 BELLo.
1815 435 1916 486 149

186 567 655 635 optemperandum
675 577 780 620 tam
806 570 1055 622 devotum
1075 579 1288 640 tamque
1313 579 1618 640 promptum
1643 589 1696 621 se
1717 571 1921 639 specie-

186 658 339 699 tenus
364 649 700 715 exhibuerat,
727 660 789 703 ut
812 671 940 705 mox
963 654 1130 723 priori
1155 663 1211 706 et
1236 655 1519 706 conventui
1552 656 1619 706 de'
1646 654 1800 706 Bello
1827 654 1916 706 lit-

182 739 318 783 teras
356 744 826 802 supramemoratas
879 739 1278 801 transmitteret,
1334 739 1542 807 sibique
1586 748 1752 790 cartas
1800 739 1916 806 dig-

183 815 411 867 nitatum
435 835 494 868 ac
518 817 827 870 libertatum
851 821 1157 872 monasterii
1182 822 1376 872 deferri
1394 823 1631 891 juberet.
1676 822 1914 874 Venerat

181 898 346 965 igitur
371 918 539 968 usque
561 902 916 954 Wedestoche
940 904 1085 972 prior
1109 904 1199 955 ille
1224 905 1539 957 venerabilis
1564 925 1653 974 spe
1682 906 1914 957 maxima
1987 950 1991 953 .

180 981 342 1050 regiae
368 983 727 1051 promissionis
753 986 1029 1038 adductus,
1106 986 1260 1038 Prior
1284 995 1339 1038 et
1361 988 1548 1039 fratres
1574 989 1741 1040 sancti
1766 989 1913 1040 Mar-

180 1064 281 1115 tini
307 1065 372 1116 de
400 1065 552 1118 Bello
576 1067 716 1120 hunc
755 1069 1003 1121 maximae
1029 1069 1294 1138 opinionis
1333 1070 1504 1121 virum
1542 1090 1654 1122 esse
1695 1091 1912 1139 cognos-

181 1156 374 1213 centeS,
420 1151 805 1203 communicato
846 1152 1064 1203 consilio
1109 1152 1409 1221 eligendum
1454 1171 1577 1204 eum
1618 1154 1913 1222 praeficien-

181 1233 412 1302 dumque
452 1235 554 1287 sibi
600 1236 963 1300 decreverunt,
1007 1236 1286 1289 Grileberto
1326 1235 1622 1288 Londoniae
1664 1238 1910 1307 episcopo

180 1318 490 1387 caeterisque
532 1319 590 1370 in
624 1339 851 1389 quorum
895 1321 1105 1372 stabant
1145 1319 1428 1389 praesentia
1461 1319 1517 1371 id
1541 1320 1716 1388 ipsum
1743 1321 1912 1372 omni-

179 1401 345 1452 modis
369 1403 827 1471 persuadentibus.
906 1403 1084 1457 Quem
1110 1404 1325 1473 quidem
1346 1423 1409 1456 eo
1434 1404 1773 1455 affectuosius
1798 1423 1909 1473 prae

177 1485 382 1535 caeteris
422 1485 525 1536 sibi
554 1487 621 1538 ad
656 1486 958 1555 eligendum
983 1487 1267 1556 propositis
1295 1487 1483 1538 fratres
1520 1488 1911 1539 admittendum

180 1578 518 1633 censuerunt,
566 1589 673 1639 quo
717 1589 838 1622 cum
880 1571 1010 1622 alios
1049 1571 1262 1622 omnino
1301 1571 1581 1634 nescirent,
1626 1572 1799 1640 ipsum
1840 1591 1909 1624 ex

175 1660 325 1720 parte
375 1663 753 1722 cognoverunt.
831 1654 890 1705 Si
929 1654 1060 1723 quid
1096 1674 1220 1705 vero
1277 1655 1353 1706 eis
1396 1655 1605 1706 notitiae
1651 1655 1817 1724 ipsius
1851 1655 1908 1706 in

7 1799 8 1802 Ἴ
176 1753 382 1788 morum
414 1737 694 1806 inexperta
727 1738 908 1789 deerat
946 1738 1240 1801 honestate,
1280 1757 1371 1807 spe
1398 1739 1537 1790 bona
1569 1739 1906 1807 supplebant,

24 1820 27 1821 ⁷
99 1858 102 1859 γ
178 1827 234 1871 et
279 1821 443 1871 nimia
482 1838 592 1872 suae
634 1821 899 1891 opinionis
943 1822 1269 1874 dilatatione.
1347 1823 1641 1891 Sperabant
1680 1842 1907 1892 namque

177 1903 278 1955 sibi
304 1912 359 1955 et
383 1905 618 1957 ecclesiae
645 1925 755 1958 suae
781 1925 888 1957 non
914 1906 1161 1958 inutilem
1197 1907 1458 1970 futurum,
1489 1926 1646 1975 quem
1674 1907 1909 1958 ecclesiae

181 1987 547 2041 Cantuariensi
572 1990 628 2041 in
653 2009 758 2058 qua
783 1991 1046 2060 prioratus
1072 1991 1394 2059 fungebatur
1420 1991 1593 2042 officio
1619 1991 1915 2043 didicerant

177 2071 338 2124 fuisse
375 2075 743 2126 necessarium.
819 2075 1117 2126 Nuntiatur
1155 2075 1269 2143 regi
1310 2083 1364 2125 et
1396 2075 1790 2143 archiepiscopo
1815 2095 1912 2145 per

178 2155 483 2225 episcopum
521 2157 818 2209 Londoniae
861 2159 1008 2226 quod
1045 2177 1203 2227 super
1248 2160 1363 2227 ipso
1402 2159 1646 2227 eligendo
1683 2159 1913 2210 inierant

176 2239 483 2304 consilium;
522 2242 715 2310 probat
737 2250 964 2310 uterque
988 2242 1231 2311 praebens
1257 2261 1539 2294 assensum.

245 2323 545 2376 Mittuntur
580 2343 704 2393 ergo
738 2326 804 2377 ad
837 2325 1014 2394 ipsum
1046 2326 1400 2377 venerabilem
1448 2326 1679 2395 priorem
1722 2345 1909 2377 vocan-
1928 2362 2001 2395 The
2021 2363 2164 2396 election

158 2407 303 2469 >dum
345 2409 451 2460 duo
506 2409 758 2478 episcopi,
811 2410 906 2478 qui
950 2428 1072 2461 eum
1121 2429 1241 2461 cum
1280 2411 1477 2462 honore
1522 2411 1816 2478 perducant
1854 2411 1906 2462 in
1929 2405 2120 2478 ffi'ffedm

174 2493 509 2558 praesentiam
531 2492 670 2560 regis
696 2502 751 2543 et
774 2493 1174 2562 archiepiscopi.
1249 2494 1551 2546 Mirabatur
1575 2494 1654 2544 vir
1678 2495 1910 2562 prudens

176 2582 374 2626 tantam
399 2576 501 2627 sibi
516 2576 788 2645 inopinate
809 2576 1051 2628 exhiberi
1073 2578 1285 2629 honoris
1311 2578 1675 2640 reverentiam,
1695 2579 1909 2632 credens

175 2658 272 2709 sibi
315 2660 381 2710 ad
404 2660 658 2711 honorem
685 2661 1029 2730 temporalem
1070 2680 1222 2729 posse
1261 2662 1517 2724 sufficere,
1547 2662 1591 2712 si
1628 2663 1782 2716 modo
1813 2680 1910 2731 per

176 2743 472 2810 quemlibet
495 2744 761 2796 inferioris
782 2745 1056 2813 dignitatis
1082 2754 1138 2796 et
1164 2746 1359 2799 ordinis
1392 2746 1694 2798 ministrum
1727 2747 1783 2797 in
1819 2766 1910 2797 eo.-

174 2844 288 2877 rum
304 2827 637 2895 praesentiam
657 2828 940 2897 juberetur
961 2829 1158 2881 adesse.
1213 2829 1534 2883 Venientem
1560 2840 1906 2898 susceperunt

175 2927 293 2968 cum
328 2910 526 2962 honore
565 2929 662 2962 rex
687 2918 741 2962 et
765 2911 1205 2980 archiepiscopUS,
1234 2920 1290 2962 et
1319 2930 1439 2963 cum
1466 2912 1623 2963 simul
1660 2914 1903 2967 sederent

166 3004 293 3044 *eum
329 2994 468 3045 inter
505 3013 559 3045 se
600 2994 835 3046 medium
879 2995 1061 3046 sedere
1101 2995 1360 3047 fecerunt.
1438 2995 1738 3047 Introducti
1779 3006 1903 3046 sunt

172 3076 370 3129 interea
393 3078 539 3147 prior
564 3086 623 3129 et-
641 3078 828 3130 fratres
859 3079 1026 3130 sancti
1053 3079 1277 3130 Martini
1313 3080 1377 3129 de
1411 3079 1581 3141 Bello,
1623 3080 1686 3129 de
1725 3080 1901 3147 praefi-

172 3159 340 3211 ciendi
383 3162 485 3212 sibi
524 3162 746 3230 pastoris
790 3162 1048 3213 electione
1091 3163 1265 3231 palam
1308 3162 1724 3230 pronuntiaturi.
1810 3164 1900 3215 Ad

173 3261 397 3311 quorum
437 3246 746 3313 ingressum,
797 3254 1077 3314 coeperunt
1121 3246 1464 3312 cogitationes
1511 3245 1567 3294 in
1608 3246 1706 3295 viri
1754 3247 1903 3298 illius

173 3329 481 3380 venerabilis
515 3348 618 3392 cor,
647 3338 709 3380 ut
748 3330 860 3397 ipse
897 3330 1233 3397 postmodum
1273 3348 1500 3380 asserere
1541 3330 1726 3381 solitus
1767 3342 1898 3395 erat,

172 3412 463 3475 ascendere,
515 3414 732 3481 jamque
792 3421 968 3464 mente
1012 3413 1394 3465 vaticinabatur
1448 3424 1749 3483 suspectum
1806 3416 1902 3467 ha-

171 3492 301 3545 bens
350 3497 493 3564 quod
534 3497 884 3548 incontinenti
926 3497 1149 3565 contigit
1195 3499 1442 3566 experiri.
1521 3498 1898 3553 Processerunt

172 3576 358 3655 ,itaque-
390 3580 696 3644 introducti,
739 3591 792 3632 et
829 3581 953 3648 quia
977 3581 1120 3648 prior
1144 3581 1492 3650 impeditioris
1533 3591 1644 3633 erat
1676 3583 1893 3651 linguae,
