2398 4152
193 1277 268 1308 The
282 1277 406 1310 Dean's

193 1319 300 1360 reply.

183 2297 258 2328 The
276 2295 394 2338 Pope's

182 2339 293 2371 letter.

175 3634 250 3665 ΤΙιε
262 3634 366 3681 ‚Dean

178 3680 367 3708 contmues.

480 447 555 504 78
969 465 1246 506 HISTORIA
1299 466 1709 519 FUNDATIONIS

476 595 531 638 et
571 587 830 639 honorem
871 596 1038 642 tantae
1084 590 1423 642 excellentiae
1467 592 1653 660 patris,
1697 592 1755 643 in
1789 594 2053 658 omnibus,
2081 594 2225 656 salvo

475 672 713 740 ejusdem
737 673 905 741 patris
929 674 1148 738 honore,
1171 682 1226 726 et
1250 675 1510 727 fidelitate
1534 676 1694 728 simul
1719 686 1774 728 et
1790 678 1993 731 honore
2021 679 2226 731 domini

473 756 642 807 nostri
684 757 824 825 regis
868 756 1104 827 Angliae,
1152 768 1207 810 et
1248 777 1496 828 personae
1539 749 1756 824 nostrae,
1802 771 1966 831 atque
2023 763 2224 815 ordinis

472 841 659 904 nostri,
700 841 844 893 salvo
870 842 1032 894 etiam
1064 844 1190 913 jure
1236 845 1474 896 ecclesiae
1513 855 1728 909 nostrae,
1770 847 1945 915 parati
1983 848 2225 917 ejusdem
2287 846 2290 847 ⁷

471 944 654 995 parere
688 928 1023 997 praeceptis.”
1102 928 1206 981 His
1233 931 1476 1000 ejusdem
1502 931 1740 983 ecclesiae
1768 933 1998 983 decanus
2024 932 2223 984 auditis

468 1010 749 1079 prohibuit
789 1032 857 1064 ne
901 1013 1095 1082 aliquis
1136 1015 1186 1066 ei
1223 1016 1328 1067 nisi
1367 1018 1517 1086 prius
1562 1018 1783 1069 consilio
1829 1017 2221 1069 communicato

468 1114 783 1165 responsum
825 1098 1088 1150 redderet.
1169 1098 1584 1171 Convocansque
1635 1103 1850 1172 majoris
1889 1100 2222 1154 auctoritatis

467 1179 659 1233 fratres
703 1190 925 1247 secret0,
978 1203 1271 1254 eorumque
1323 1205 1451 1238 usus
1502 1188 1739 1251 consilio,
1790 1187 1969 1249 rediit,
2021 1194 2077 1237 et
2135 1185 2222 1237 his

467 1265 717 1318 abbatem
759 1269 933 1320 verbis
976 1270 1199 1323 affatur:
1263 1274 1298 1299 ‘⁶
1317 1271 1609 1335 Nimirum,
1661 1272 1958 1323 venerande
2005 1270 2220 1322 domine

467 1351 647 1416 abbas,
674 1359 739 1403 ut
764 1371 819 1403 se
844 1372 927 1405 res
951 1354 1131 1418 habet,
1154 1364 1426 1426 praecepto
1453 1356 1656 1408 domini
1680 1373 1836 1426 papae
1863 1355 2219 1407 summonitus

465 1435 571 1486 huc
596 1437 899 1491 advenistis.
976 1439 1033 1491 N
1034 1459 1138 1491 unc
1162 1440 1330 1508 igitur
1354 1449 1537 1504 restat,
1560 1441 1813 1510 quatinus
1834 1441 1989 1492 nobis
2012 1440 2220 1492 litteras

466 1520 668 1572 domini
709 1540 866 1591 papae
901 1523 1052 1575 vobis
1092 1525 1320 1576 directas
1359 1525 1670 1590 ostendatis,
1706 1535 1771 1576 ut
1809 1543 1906 1594 per
1944 1524 2062 1576 illas
2089 1541 2215 1594 quae

463 1606 618 1657 nobis
661 1616 934 1677 praecepta
972 1617 1098 1660 sunt
1141 1610 1327 1662 ordine
1367 1610 1696 1679 competenti
1721 1618 1914 1661 vestrae
1937 1609 2214 1661 dilectioni

461 1691 772 1759 pandamus.
848 1692 1099 1762 Eritque,
1159 1695 1366 1746 ratione
1430 1695 1682 1758 dictante,
1747 1694 1832 1746 his
1888 1711 2011 1764 quae
2062 1694 2215 1746 vobis

462 1794 645 1827 earum
670 1776 987 1828 auctoritate
1015 1778 1226 1848 objecta
1264 1779 1471 1830 fuerint
1509 1780 1737 1831 demisso
1778 1779 1937 1831 vultu
1976 1779 2211 1843 obedire,

459 1868 555 1912 aut
610 1862 895 1931 supercilio
941 1871 1116 1914 erecto
1175 1864 1488 1917 contraire.”
1582 1864 1768 1916 Abbas
1829 1883 1954 1916 vero
2006 1864 2214 1916 litteras

460 1962 640 1996 secum
678 1965 855 2015 neque
896 1948 1172 2013 detulisse,
1213 1968 1391 2019 neque
1438 1968 1764 2019 quemquam
1808 1968 1863 2001 se
1909 1967 2069 2019 super
2110 1949 2211 2001 hoc

459 2031 766 2082 convenisse
790 2032 1128 2100 perhibebat.
1207 2034 1362 2086 Tunc
1406 2035 1626 2103 quidam
1667 2053 1739 2086 ex
1765 2033 1971 2086 clericis
2010 2034 2210 2085 decano

457 2116 923 2185 contra-scriptum
975 2118 1277 2171 litterarum
1320 2119 1537 2183 obtulit,
1579 2121 1871 2190 jussusque
1918 2119 1976 2171 in
2015 2118 2209 2171 auditu

458 2201 698 2252 omnium
722 2202 969 2271 perlegit.

531 2289 566 2313 ‘⁶
584 2284 853 2337 Adrianus
880 2287 1178 2356 episcopus,
1207 2307 1389 2339 servus
1413 2307 1686 2340 servorum
1713 2288 1838 2352 Dei,
1869 2289 2064 2340 dilecto
2090 2287 2206 2340 filio

458 2369 722 2422 Gauterio
749 2371 931 2422 abbati
958 2372 1022 2423 de
1049 2371 1222 2436 Bello,
1252 2372 1478 2424 salutem
1505 2382 1559 2424 et
1588 2374 1933 2443 apostolicam
1957 2372 2208 2424 benedic-

454 2455 673 2507 tionem.
750 2456 922 2508 Recte
948 2475 979 2507 a
1005 2456 1114 2508 suis
1140 2457 1370 2508 subditis
1395 2457 1476 2508 illi
1503 2458 1809 2509 obedientia
1836 2458 2207 2526 denegabitur,

455 2540 549 2610 qui
591 2560 687 2593 suo
726 2540 950 2610 praelato
994 2540 1228 2592 debitam
1270 2549 1481 2592 recusat
1524 2542 1884 2594 obedientiam
1930 2541 2204 2594 exhibere.

455 2624 710 2676 Pervenit
749 2626 817 2676 ad
858 2643 972 2688 nOS,
1001 2625 1148 2693 quod
1171 2626 1465 2678 venerabili
1508 2626 1662 2678 fratri
1701 2635 1901 2689 nostro,
1929 2626 2000 2678 Y.
2029 2625 2206 2679 Cices-

453 2710 620 2761 trensi
646 2710 911 2778 episcopo,
942 2709 1028 2760 cui
1052 2709 1438 2778 professionem
1471 2710 1664 2774 fecisti,
1690 2711 1925 2763 debitam
1952 2711 2206 2763 obedien-

454 2794 584 2846 tiam
628 2794 925 2857 subtrahas,
972 2802 1027 2845 et
1066 2794 1236 2863 ipsius
1280 2796 1607 2847 contradicas
1650 2796 1864 2848 obedire
1919 2796 2202 2850 mandatis.

455 2879 620 2934 Quod
646 2898 805 2948 quam
831 2878 1192 2948 perniciosum
1227 2880 1313 2942 sit,
1343 2888 1398 2931 et
1439 2881 1583 2932 omni
1623 2881 1819 2932 rationi
1859 2881 2202 2945 contrarium,

453 2965 498 3016 si
522 2964 683 3034 primi
707 2963 939 3015 hominis
973 2982 1189 3032 poenam
1232 2965 1299 3015 ad
1342 2965 1654 3016 memoriam
1697 2966 1995 3029 reduceres,
2021 2985 2204 3035 posses

453 3050 518 3101 de
563 3048 710 3100 facili
749 3048 1005 3100 invenire.
1106 3047 1346 3117 Ideoque
1390 3068 1488 3119 per
1530 3049 1819 3119 praesentia
1861 3049 1964 3101 tibi
2007 3050 2205 3119 scripta

451 3134 781 3197 mandamus,
825 3132 1078 3201 quatinus
1123 3133 1173 3184 ei
1213 3141 1469 3202 tanquam
1513 3134 1762 3203 episcopo
1807 3141 1902 3185 tuo
1947 3142 2001 3186 et
2042 3135 2202 3204 patri,

451 3226 614 3286 atque
660 3218 953 3270 commissae
998 3218 1101 3269 sibi
1143 3219 1395 3283 ecclesiae,
1439 3220 1652 3271 studeas
1690 3218 1924 3270 fideliter
1966 3220 2200 3273 obedire.

452 3302 732 3373 Alioquin,
774 3303 905 3354 scire
942 3310 996 3354 te
1023 3302 1269 3354 volumus
1298 3304 1441 3372 quod
1484 3303 1806 3355 sententiam
1848 3322 2009 3372 quam
2048 3304 2106 3355 in
2148 3312 2203 3356 te

450 3387 594 3439 idem
620 3387 784 3439 frater
808 3395 988 3438 noster
1012 3396 1232 3457 propter
1255 3388 1356 3440 hoc
1383 3388 1633 3440 canonice
1658 3387 2092 3457 promulgaverit,
2106 3407 2203 3441 nos

452 3481 668 3524 auctore
696 3472 817 3523 Deo
843 3480 1012 3523 ratam
1048 3472 1382 3525 habebimus.
1461 3473 1604 3525 Data
1630 3473 1839 3535 Romae,
1870 3474 2014 3542 apud
2042 3473 2203 3525 Sanc-

453 3565 570 3608 tum
597 3557 837 3621 Petrum,
864 3556 1109 3608 kalendis
1137 3557 1378 3610 Martii.''

523 3641 770 3710 Epistola
790 3641 1041 3709 perlecta,
1072 3645 1106 3669 “
1125 3640 1425 3706 Audistis,”
1452 3641 1634 3711 inquit
1650 3642 1899 3705 decanUS,
1931 3646 1964 3671 “
1987 3643 2200 3695 domine
