2398 4152
692 426 1056 467 MONASTERII
1095 426 1173 466 DE
1210 427 1413 467 BELLo.
1819 417 1920 467 133

189 564 292 614 que
318 545 487 598 salute
519 546 685 598 libere
726 549 907 617 quiete
946 558 1000 601 et
1032 558 1292 618 perpetuo
1326 548 1700 618 possidendum
1737 568 1921 600 conce-

50 650 74 679 ·‹
187 629 390 680 derent.
481 629 616 683 Cum
658 631 824 699 igitur
866 634 1021 684 ambo
1071 633 1456 684 consentientes
1503 632 1559 682 in
1603 633 1918 683 monasterio

184 711 329 762 beati
356 712 580 764 Martini
606 733 778 766 coram
804 718 919 785 ejus
953 716 1105 767 altari
1139 717 1314 784 ipsum
1351 724 1504 766 terrae
1540 716 1775 783 ejusdem
1805 717 1917 783 jam

183 794 432 847 fecissent
463 796 728 860 heredem,
756 799 988 850 decrevit
1028 800 1188 850 abbas
1232 817 1346 848 eam
1385 818 1492 849 non
1518 798 1730 848 omnino
1754 799 1917 865 gratis

183 879 463 947 suscipere,
510 881 802 948 quinimmo
847 890 960 932 tum
1008 901 1104 950 pro
1149 890 1337 931 mutua
1381 881 1758 943 vicissitudine,
1800 890 1916 932 tum

183 979 280 1029 pro
330 963 635 1014 testimonio
684 964 740 1014 in
777 965 1037 1028 futurum,
1086 964 1226 1033 patri
1263 983 1319 1014 x.
1371 964 1580 1026 solidos,
1631 963 1742 1013 filio
1793 983 1916 1015 vero

182 1062 402 1096 aureum
450 1064 618 1096 unum
666 1047 778 1097 dari
825 1047 968 1098 fecit.
1071 1047 1211 1100 Quae
1261 1047 1324 1096 de
1375 1046 1587 1096 terrulis
1647 1046 1730 1095 his
1790 1047 1917 1097 licet

183 1127 401 1180 modicis
448 1128 801 1192 meminimus,
851 1130 936 1181 hic
979 1130 1168 1180 iccirco
1218 1128 1487 1179 memoriae
1537 1128 1913 1179 committenda

61 1278 65 1284 Δ
180 1210 496 1262 inseruimus
523 1212 649 1280 quia
672 1213 981 1281 priusquam
1007 1213 1079 1263 sic
1098 1212 1380 1280 adquisitae
1400 1211 1702 1262 monasterii
1722 1231 1742 1279 J
1752 1230 1914 1279 unge-

55 1291 67 1299 *
108 1307 111 1309 ’
179 1302 366 1346 rentur
397 1295 831 1364 possessionibus,
882 1305 992 1347 tam
1028 1296 1215 1346 fratres
1260 1296 1420 1363 quam
1469 1314 1651 1345 eorum
1685 1295 1914 1345 ministri

54 1367 68 1379 ἢ
180 1387 376 1446 praeter
409 1397 586 1447 rerum
631 1398 844 1431 suarum
879 1380 1154 1448 dispendia
1195 1379 1441 1448 plurima,
1483 1379 1770 1429 multarum
1803 1397 1914 1429 mo-

180 1461 452 1514 lestiarum
478 1464 824 1532 subjacebant
862 1464 1252 1516 vexationibus.
1329 1462 1455 1514 Non
1491 1462 1632 1512 enim
1658 1463 1724 1512 ad
1749 1479 1913 1530 saepe-

181 1545 382 1596 dictum
405 1555 617 1614 pratum
641 1566 922 1610 accessum,
950 1548 1034 1598 vel
1058 1547 1180 1598 inde
1202 1565 1465 1597 recessum
1489 1545 1591 1596 nisi
1615 1564 1710 1613 per
1749 1555 1914 1596 terras

178 1646 286 1679 non
322 1647 441 1681 suas
464 1629 657 1682 habere
681 1639 946 1699 poterant,
974 1640 1230 1682 terrarum
1270 1629 1758 1698 circumjacentium
1794 1647 1915 1698 pos-

180 1712 469 1763 sessoribus
513 1714 588 1764 eis
633 1714 948 1765 calumniam
987 1714 1357 1774 inferentibUS‚
1403 1731 1500 1762 nec
1535 1712 1635 1762 sibi
1677 1731 1772 1780 per
1812 1721 1915 1762 ter-

179 1795 347 1846 minos
408 1814 529 1847 suos
576 1797 804 1848 liberum
864 1799 1145 1848 transitum
1205 1797 1398 1847 habere
1460 1795 1911 1863 permittentibus.

178 1877 382 1930 Verum
423 1879 591 1947 ipsius
633 1881 946 1932 venerabilis
994 1880 1200 1931 abbatis
1251 1879 1476 1930 sollicita
1522 1879 1911 1946 procuratione,

179 1971 294 2014 tum
341 1964 425 2016 hae
461 1973 575 2016 tum
619 1966 738 2017 aliae
777 1986 859 2017 res
903 1965 1207 2017 monasterii
1246 1963 1607 2033 perplurimae,
1644 1963 1914 2014 meliorem

178 2054 373 2098 statum
399 2057 523 2099 sunt
547 2051 771 2119 adeptae.

250 2130 316 2180 In
365 2131 552 2183 diebus
601 2135 716 2202 ejus
767 2134 1102 2185 commissum
1152 2133 1254 2184 sibi
1308 2133 1686 2183 monasterium
1748 2131 1910 2181 sancti
1935 2130 2162 2204 gtffi3}2¹sst·in.s

179 2213 402 2265 Martini
440 2217 504 2267 de
540 2216 695 2268 Bello
740 2217 951 2269 visitare
988 2217 1235 2285 dignatus
1269 2224 1348 2266 est
1383 2216 1666 2276 Dominus,
1694 2233 1813 2265 cum
1851 2215 1915 2264 ad
1937 2213 2148 2285 ggl‘ssffglussf

179 2298 486 2350 declaranda
533 2301 680 2352 beati
728 2300 1040 2352 confessoris
1084 2301 1167 2351 sui
1218 2299 1443 2350 Martini
1484 2299 1689 2359 merita,
1739 2298 1912 2348 locum
1937 2295 2142 2377 ᾗξῖἒξὲξῑῑῑ

175 2380 348 2449 ipsum
371 2382 746 2435 miraculorum
773 2384 1081 2435 choruscare
1107 2383 1236 2434 fecit
1259 2381 1575 2450 frequentia.
1656 2380 1917 2431 Convenit

176 2465 355 2532 itaque
383 2485 445 2516 eo
473 2475 587 2517 tum
613 2467 949 2535 poenitentiae
978 2475 1031 2517 et
1055 2466 1375 2517 remissionis
1412 2472 1769 2533 peccatorum,
1800 2474 1915 2514 tum

176 2549 414 2601 sanitatis
439 2550 791 2618 adipiscendae
817 2551 1002 2618 gratia,
1031 2568 1190 2601 sexus
1222 2549 1500 2617 utriusque
1526 2548 1755 2617 plurima
1778 2548 1915 2597 mul-

177 2633 368 2685 titudo.
442 2633 647 2685 Verum
680 2653 799 2685 cum
833 2654 903 2685 ex
943 2654 1005 2684 eo
1035 2634 1374 2684 venientibus
1408 2632 1654 2683 nonnulli
1694 2639 1912 2699 repente

177 2725 479 2768 corruentes
524 2718 581 2768 in
630 2727 770 2769 terra
816 2719 1199 2779 volutarentur,
1242 2725 1296 2767 et
1334 2716 1512 2767 nescio
1557 2735 1663 2783 quo
1706 2715 1914 2765 occulto

168 2799 284 2850 vDei
327 2801 530 2870 judicio
578 2802 948 2852 miserabiliter
998 2802 1375 2862 cruciarentur,
1428 2799 1519 2850 alii
1562 2818 1634 2849 ex
1682 2798 1766 2848 his
1819 2798 1913 2865 qui

177 2885 394 2935 aderant
426 2904 524 2935 nec
554 2885 714 2935 simili
748 2904 926 2953 poenae
963 2904 1021 2935 ac
1059 2884 1291 2935 ludibrio
1324 2883 1685 2952 subjacebant,
1725 2881 1914 2931 divini-

177 2967 300 3018 tatis
327 2968 575 3036 operibus
611 2977 863 3036 tanquam
899 2987 1006 3018 non
1047 2987 1116 3018 ex
1157 2968 1276 3018 Deo
1316 2966 1535 3027 fuerint,
1578 2965 1751 3015 minus
1792 2983 1915 3014 sana

176 3059 351 3101 mente
396 3059 676 3119 coeperunt
725 3052 1017 3114 detrahere,
1070 3051 1322 3117 nullaque
1367 3050 1424 3099 in
1467 3068 1520 3098 se
1564 3046 1779 3116 pietatis
1820 3065 1914 3096 seu

178 3131 549 3198 compassionis
567 3133 766 3182 viscera
779 3132 1052 3193 habentes,
1071 3131 1343 3199 proximos
1366 3130 1419 3178 in
1437 3128 1694 3195 angustiis
1715 3127 1913 3195 positos

179 3213 370 3280 quibus
391 3234 460 3265 ex
477 3214 743 3265 communi
761 3213 1066 3281 fragilitatis
1091 3214 1337 3263 humanae
1362 3211 1663 3261 conditione
1683 3211 1912 3278 compati

177 3295 484 3360 debuerant,
511 3297 799 3348 insolenter
833 3296 1068 3346 irridere.
1147 3295 1469 3354 Provocatus
1496 3294 1760 3344 Dominus
1797 3302 1912 3343 tum

178 3396 249 3428 ex
272 3379 372 3442 his,
399 3389 515 3430 tum
542 3399 612 3430 ex
640 3380 971 3448 quorundam
987 3378 1402 3428 inhabitantium
1427 3396 1534 3427 non
1555 3377 1713 3443 digna
1739 3395 1910 3426 coram

176 3479 229 3511 se
265 3464 672 3525 conversatione,
709 3461 972 3529 indignari
1017 3460 1184 3529 coepit
1227 3461 1471 3510 adversus
1512 3460 1762 3526 ingratos,
1797 3478 1913 3527 gra-

177 3543 409 3612 tiamque
461 3565 758 3598 concessam
808 3544 1076 3596 subtraxit
1126 3543 1374 3610 indignis,
1420 3543 1628 3595 cuidam
1675 3542 1911 3593 fidelium

59 1114 69 1128 a
47 1048 69 1067 x
38 705 79 1012 *affl-*5:322
52 580 82 646 ἢ
