2398 4152
627 438 992 483 MoNASTERII
1035 439 1115 479 DE
1157 438 1358 479 BELLO.
1752 427 1854 476 113

24 570 62 622 ff?
132 559 266 614 rima
295 569 446 631 parte
481 564 791 631 superstites
824 563 1068 625 fuissent,
1098 563 1330 631 quidam,
1374 561 1570 629 quibus
1595 561 1860 612 territoria

25 640 61 686 ²³³
132 644 189 694 in
232 644 427 712 quibus
467 646 666 696 eaedem
709 645 942 697 ecclesiae
987 646 1103 697 sitae
1147 646 1412 706 videntur,
1465 652 1650 712 postea
1700 662 1859 711 quam

18 719 67 737 '
133 727 334 778 effectae
372 737 497 779 sunt
535 729 736 780 dotales
775 748 806 780 a
843 730 1073 797 regibus,
1115 747 1356 779 concessa
1395 735 1537 789 sunt,
1567 728 1656 795 jus
1682 734 1859 795 patro-

132 818 287 861 natus
321 811 376 861 in
415 812 544 880 ipsis
585 811 818 863 ecclesiis
858 813 1186 880 quaerebant.
1262 810 1501 879 Agentes
1531 810 1711 877 itaque
1736 809 1858 877 plus

24 911 73 950 ἤ
130 911 227 961 pro
265 893 537 946 voluntate
577 913 735 963 quam
769 914 866 963 pro
900 895 1121 955 ratione,
1166 912 1298 961 quos
1331 893 1614 944 voluerunt
1648 892 1859 942 institui

17 979 66 1047 ’νζ
129 975 388 1040 fecerunt,
430 978 649 1029 ecclesia
690 977 856 1029 sancti
895 977 1119 1028 Martini
1159 977 1222 1027 de
1250 975 1402 1026 Bello
1440 976 1656 1043 penitus
1697 974 1860 1026 desti-

47 1118 64 1141 ἢ
132 1066 266 1110 tuta.
340 1060 596 1128 Exempli
619 1060 785 1128 igitur
807 1060 991 1127 gratia.

205 1141 317 1193 Sub
343 1142 439 1194 hac
475 1143 783 1194 hostilitatis
816 1150 1129 1210 tempestate
1171 1150 1283 1192 erat
1326 1142 1543 1210 quidam
1585 1141 1857 1192 Robertus
1875 1161 2061 1235 &233⁵ss
2085 1172 2102 1193 s

133 1224 196 1275 de
225 1223 575 1293 Crevequeor,
615 1225 695 1277 vir
728 1225 944 1293 quidem
983 1224 1273 1275 secundum
1312 1224 1452 1275 idem
1488 1232 1697 1292 tempus
1722 1241 1857 1292 prae-
1877 1245 1934 1276 the
1950 1244 2076 1276 church
2088 1243 2127 1276 of

17 1302 74 1386 ss‘
131 1316 320 1376 potens
368 1316 422 1359 et
468 1309 644 1376 magni
670 1308 916 1371 nominis,
968 1307 1061 1376 qui
1105 1308 1369 1375 quoddam
1417 1308 1556 1375 regis
1594 1308 1859 1376 praedium

1880 1285 2086 1318 Middehale.

2 1388 24 1453 s
47 1391 52 1451 ff
133 1391 463 1444 Middehale¹
481 1392 699 1455 scilicet,
721 1410 793 1442 ex
810 1391 949 1459 regis
964 1390 1220 1460 Stephani
1239 1390 1519 1458 largitione
1536 1390 1856 1459 possidebat.

51 1477 72 1543 ᾗ·
138 1473 304 1543 Cujus
339 1475 596 1526 territorii
631 1474 847 1526 ecclesia
882 1492 988 1525 una
1021 1482 1132 1526 erat
1166 1493 1237 1524 ex
1263 1473 1531 1525 dotalibus
1558 1473 1790 1524 ecclesiis
1830 1492 1861 1523 a

18 1630 25 1632 γ
48 1576 69 1626 ¹¹1
131 1576 252 1626 rege
277 1558 552 1610 Willelmo
578 1559 806 1610 secundo
831 1558 888 1610 in
914 1558 1241 1609 dedicatione
1268 1557 1502 1608 ecclesiae
1527 1556 1691 1608 sancti
1712 1557 1860 1607 Mar-

36 1667 75 1690 -›
133 1640 235 1692 tini
274 1641 338 1691 de
364 1641 518 1692 Bello
561 1642 834 1694 concessis.
911 1641 1217 1692 Decedente
1257 1659 1379 1692 vero
1419 1640 1587 1708 ipsius
1622 1639 1858 1690 ecclesiae
1881 1666 2032 1699 Granted
2046 1670 2082 1699 to

129 1724 197 1775 de
232 1724 540 1776 Middehale
573 1744 813 1794 persona,
853 1725 1142 1794 jamdictus
1182 1724 1453 1775 Robertus
1481 1725 1571 1792 jus
1610 1731 1857 1791 patrona·
1879 1709 2084 1821 ξιέἶξέἒξῗ

1879 1790 2032 1830 unjustly
2070 1799 2091 1830 y

19 1852 21 1854 ,
132 1815 218 1860 tus
241 1809 298 1859 in
323 1827 384 1859 ea
406 1809 704 1872 vendicans,
742 1809 806 1859 de
831 1807 1017 1876 rapina
1041 1807 1160 1859 Deo
1185 1807 1424 1857 victimas
1462 1807 1703 1867 offerenS,
1745 1824 1859 1856 eam
1882 1831 2010 1862 nobem
2024 1832 2104 1863 cre-

4 1899 5 1902 ’
50 1917 53 1923 ⁴
132 1892 390 1944 canonicis
415 1892 480 1943 de
505 1892 702 1943 Ledes2
719 1892 975 1944 concessit
1000 1899 1054 1941 et
1080 1890 1422 1941 confirmavit.
1477 1889 1602 1942 Quo
1629 1888 1858 1960 cognito,

1880 1881 2037 1913 vequeor.

55 1970 58 1972 v
132 1975 210 2027 vir
234 1975 548 2027 venerabilis
573 1976 733 2027 abbas
758 1975 1049 2038 Walterus,
1082 1993 1223 2025 nunc
1249 1973 1534 2042 praefatum
1559 1972 1861 2023 Robertum

5 2088 26 2097 «
90 2124 93 2125 ⁷
133 2077 288 2127 super
330 2059 529 2128 injusta
566 2059 853 2121 invasione,
902 2077 1044 2109 nunc
1096 2058 1373 2109 canonicos
1423 2074 1581 2124 super
1629 2055 1863 2107 violenta

133 2142 443 2206 intrusione,
489 2152 543 2193 et
580 2143 920 2194 restitutione
962 2143 1203 2193 facienda
1243 2141 1506 2203 convenit,
1547 2158 1645 2190 nec
1694 2139 1862 2208 impe-

133 2226 304 2279 travit.
381 2227 661 2281 Quaeritur
692 2226 815 2278 hinc
849 2227 1062 2296 justitia
1096 2225 1304 2294 regalis,
1346 2225 1469 2275 inde
1496 2223 1861 2285 ecclesiastica,

133 2310 222 2361 sed
243 2310 584 2362 habundante
609 2310 894 2378 iniquitate
921 2310 988 2361 ad
1012 2318 1223 2378 tempus
1248 2327 1356 2359 non
1381 2308 1666 2358 invenitur.
1714 2305 1863 2373 Rege

135 2392 404 2462 Stephano
455 2394 759 2457 decedente,
807 2402 862 2443 et
910 2393 1130 2461 pacifico
1181 2410 1302 2458 rege
1356 2390 1594 2441 Henrico
1634 2390 1865 2440 secundo

133 2478 459 2540 succedente,
499 2477 767 2528 hostilitas
802 2477 1111 2544 expellitur,
1152 2494 1262 2544 pax
1282 2474 1604 2542 jampridem
1639 2472 1866 2541 expulsa

132 2569 419 2612 revocatur.
494 2560 679 2612 Abbas
706 2578 828 2627 ergo
854 2567 1063 2627 tempus
1083 2566 1405 2626 oportunum
1431 2566 1634 2618 nactUS,
1664 2555 1864 2623 quippe

134 2662 253 2696 cum
288 2644 554 2713 justitiam
588 2643 847 2712 paulatim
871 2643 1047 2711 vigore
1073 2649 1345 2709 resumpto
1370 2639 1615 2690 reflorere
1641 2639 1862 2701 videret,

135 2746 341 2779 causam
366 2746 514 2778 suam
555 2746 697 2778 nunc
736 2727 792 2777 in
832 2726 977 2777 curia
1015 2725 1198 2793 regali,
1244 2742 1385 2774 nunc
1412 2723 1468 2773 in
1495 2722 1863 2784 ecclesiastica,

133 2811 485 2862 ventilandam
510 2809 751 2878 exponit.
829 2808 1080 2860 Canonici
1104 2826 1225 2858 vero
1250 2816 1473 2875 patrono
1501 2825 1596 2856 suo
1623 2806 1864 2856 Roberto

136 2893 332 2945 scilicet
372 2895 485 2963 jam
532 2892 794 2954 destituti,
845 2892 922 2942 nil
967 2891 1068 2941 sibi
1117 2908 1429 2959 prosperum
1478 2890 1535 2940 in
1577 2889 1674 2939 hac
1713 2897 1862 2956 parte

55 2990 58 2995 ’
133 2986 413 3046 sperantes,
454 2994 551 3045 pro
589 2975 791 3026 viribus
830 2984 1009 3025 tamen
1049 2974 1382 3024 restiterunt.
1463 2972 1571 3022 Sed
1596 2990 1717 3022 cum
1751 2972 1861 3039 jam

134 3060 335 3111 nullum
377 3068 514 3111 esset
553 3059 850 3126 diffugium,
896 3059 961 3109 ad
1007 3058 1184 3107 sedem
1221 3056 1559 3125 apostolicam
1608 3054 1860 3121 utrinque

137 3153 215 3194 est
251 3143 592 3211 appellatum.
671 3142 999 3193 Praesidebat
1040 3148 1166 3191 tunc
1213 3140 1466 3206 temporis
1493 3139 1753 3189 Romanae
1780 3156 1862 3188 60-

137 3226 305 3278 clesiae
344 3246 482 3295 papa
506 3225 792 3288 Adrianus,
832 3225 896 3275 ad
936 3225 1087 3292 cujus
1131 3223 1457 3274 audientiam
1501 3240 1655 3272 causa
1694 3221 1862 3272 venti-

134 3309 286 3362 landa
322 3311 583 3378 dirigitur.
659 3308 935 3360 Ventilata
968 3307 1132 3375 igitur
1151 3308 1262 3375 jam
1288 3306 1601 3374 aliquandiu
1628 3323 1783 3355 causa
1807 3305 1864 3356 in

137 3393 277 3444 curia
300 3394 559 3456 Romana,
596 3393 809 3443 tandem
847 3391 1066 3442 definito
1094 3389 1330 3451 consilio,
1376 3389 1554 3439 nuntii
1593 3388 1686 3456 qui
1714 3389 1780 3439 ob
1808 3388 1864 3438 in

194 3502 205 3526 ¹
238 3501 287 3543 In
309 3502 484 3545 Suffolk.
535 3503 612 3544 See
630 3517 670 3558 p.
693 3505 764 3544 41.
1066 3499 1082 3521 ²
1113 3498 1319 3540 Founded
1340 3498 1396 3553 by
1419 3497 1578 3539 Robert
1606 3497 1657 3538 de
1692 3496 1863 3553 Crepito

1008 3555 1144 3600 Corde
1167 3555 1472 3612 (Crevequeor)
1495 3555 1538 3596 in
1563 3557 1689 3596 1119.

1631 3643 1650 3676 Ι
