2398 4152
703 434 1068 474 MONASTERII
1113 433 1192 473 DE
1236 433 1438 474 BELLo.
1822 423 1923 472 125

204 556 571 608 Mendlesham
596 557 678 608 sui
696 557 835 626 juris
855 575 984 619 esse,
1012 565 1128 608 tum
1153 557 1361 620 litteris,
1385 566 1500 607 tum
1523 556 1638 607 viva
1661 556 1929 624 loquentis

202 640 377 691 nuntii
411 658 535 691 voce
573 640 780 691 studuit
813 640 1035 708 signare,
1070 640 1322 708 prudenti
1349 657 1634 708 procurans
1660 639 1928 702 instantia,

201 742 267 774 ne
307 722 624 790 saepedictus
665 722 867 774 Alanus
921 741 1016 773 seu
1067 723 1186 791 quis
1234 723 1368 773 alius
1418 731 1572 772 extra
1615 740 1928 772 consensum

202 824 357 857 suum
404 805 461 856 in
498 807 715 857 eandem
760 805 1031 856 ecclesiam
1071 805 1439 855 admitteretur
1481 823 1577 873 per
1622 804 1929 873 episcopum

199 888 574 940 instituendus.
650 888 919 939 Utebatur
944 906 1068 955 ergo
1094 887 1300 938 Alanus
1337 887 1672 938 institutione
1698 888 1927 955 propria,

201 989 298 1021 nec
355 972 422 1022 ad
481 971 893 1022 renuntiandum
944 971 1159 1039 injustae
1214 970 1529 1038 possessioni
1594 970 1928 1038 aliquatenus

202 1054 483 1105 consensit.

273 1136 528 1188 Redeunt
550 1136 754 1187 interea
779 1136 842 1186 de
866 1136 1221 1187 transmarinis
1245 1136 1423 1187 nuntii
1449 1135 1671 1197 abbatis,
1692 1154 1929 1205 praecep-

201 1227 317 1271 tum
343 1219 550 1287 regium
574 1219 642 1271 ad
664 1219 815 1287 regni
833 1219 1075 1288 justicias
1102 1219 1416 1282 deferentes,
1447 1238 1554 1288 quo
1580 1237 1737 1287 super
1763 1220 1930 1270 00010-

202 1302 278 1354 sia
326 1303 390 1354 de
436 1302 806 1354 Mendlesham
847 1302 1028 1354 abbati
1065 1303 1127 1353 de
1174 1302 1329 1353 Bello
1372 1302 1601 1371 justitiae
1649 1302 1928 1371 plenitudo

202 1386 535 1439 exhibeatur.
589 1386 720 1437 Dies
753 1386 1007 1454 locusque
1033 1386 1176 1455 apud
1201 1385 1535 1437 Wintoniam
1570 1387 1715 1454 regia
1749 1395 1928 1437 aucto-

201 1470 358 1520 ritate
396 1469 576 1521 abbati
615 1477 670 1521 et
708 1468 884 1520 Alano
931 1469 1200 1532 statuitur,
1240 1477 1302 1520 ut
1338 1470 1405 1520 ad
1446 1469 1604 1520 unius
1647 1470 1926 1534 actionem,

200 1552 525 1620 alteriusque
564 1552 934 1621 objectionem,
960 1552 1194 1603 veritatis
1219 1553 1424 1620 plenior
1452 1552 1603 1604 fieret
1631 1553 1926 1621 inquisitio.

202 1635 404 1687 Actum
438 1643 516 1686 est
551 1634 652 1686 hoc
687 1635 1000 1686 auctoritate
1035 1637 1198 1704 regia,
1237 1637 1303 1687 ad
1327 1637 1527 1688 nullius
1554 1645 1728 1690 tamen
1767 1638 1930 1688 eccle-

202 1718 397 1770 siastici
439 1719 576 1787 juris
619 1718 954 1786 dignitatisve
999 1719 1393 1783 detrimentum,
1436 1720 1636 1789 quippe
1675 1740 1795 1772 cum
1830 1721 1929 1772 hoc

203 1802 374 1853 solum
411 1801 557 1852 curia
591 1801 737 1869 regia
770 1801 987 1852 duceret
1020 1802 1414 1870 inquirendum,
1455 1805 1607 1872 cujus
1643 1813 1930 1872 praesenta-

204 1885 349 1937 tione
386 1885 529 1936 idem
563 1884 769 1936 Alanus
798 1885 856 1935 in
881 1885 1154 1937 ecclesiam
1192 1887 1256 1938 de
1286 1886 1656 1938 Mendlesham
1681 1887 1736 1938 in
1762 1887 1929 1938 fundo

203 1969 349 2037 regio
393 1969 563 2032 sitam,
614 1987 644 2019 a
684 1970 1159 2036 praedecessoribus
1206 1970 1373 2038 ipsius
1423 1971 1623 2021 domini
1671 1970 1827 2038 regis,
1879 1978 1932 2020 et

206 2071 259 2103 se
297 2052 614 2103 monasterio
655 2052 719 2103 de
747 2052 903 2103 Bello
943 2071 1239 2104 concessam
1275 2062 1328 2104 et
1354 2053 1730 2116 confirmatam,
1770 2054 1935 2104 fuerit

204 2135 498 2188 institutus
577 2135 866 2188 Constabat
918 2137 1057 2188 enim
1121 2155 1244 2188 eum
1296 2137 1497 2187 nullius
1546 2137 1648 2187 nisi
1702 2146 1795 2189 aut
1844 2138 1935 2188 do-

205 2219 337 2270 mini
373 2219 529 2287 regis,
571 2227 824 2287 tanquam
864 2220 1064 2271 domini
1103 2220 1276 2283 fundi,
1317 2230 1411 2271 aut
1454 2221 1828 2272 monachorum
1870 2222 1933 2271 de

207 2302 377 2366 Bello,
406 2303 600 2370 quibus
636 2302 751 2371 ipsa
788 2303 1005 2354 ecclesia
1037 2303 1181 2372 regia
1204 2303 1484 2371 largitione
1524 2304 1786 2370 assignata
1823 2323 1935 2354 csse

207 2385 514 2449 dinoscitur,
556 2386 767 2437 institui
806 2387 995 2437 debere
1031 2387 1460 2455 praesentatione.
1537 2387 1709 2438 Adest
1752 2387 1836 2438 die
1880 2395 1935 2438 01
1954 2403 2027 2435 The
2042 2413 2117 2435 case
2138 2403 2167 2434 is

206 2468 322 2520 loco
364 2470 712 2520 determinato
751 2478 1016 2537 superstes
1062 2469 1251 2532 adhuc,
1303 2471 1454 2539 cujus
1510 2470 1753 2539 superius
1795 2444 2207 2528 facta?1?3‘j‘32d}{{?“

209 2560 289 2603 081
349 2553 567 2614 mentio,
618 2554 891 2604 Robertus
949 2552 1304 2622 Philosophus
1369 2554 1507 2605 vices
1564 2555 1769 2606 abbatis
1825 2554 1934 2606 illic

208 2633 456 2684 adversus
505 2631 741 2684 Alanum
804 2632 1004 2684 ibidem
1053 2642 1180 2685 tunc
1230 2635 1389 2685 etiam
1436 2643 1753 2703 praesentem
1810 2654 1935 2685 exe—

208 2724 443 2767 cuturus.
531 2715 656 2769 Quo
693 2716 750 2766 in
798 2716 1081 2784 praesentia
1121 2718 1457 2786 justiciarum
1494 2720 1585 2787 jus
1633 2718 1936 2769 monasterii

208 2799 374 2850 sancti
408 2799 633 2850 Martini
669 2800 733 2850 de
770 2800 924 2851 Bello
960 2812 1280 2869 exponente,
1319 2810 1373 2852 et
1408 2820 1564 2870 super
1591 2802 1753 2852 Alani
1793 2802 1936 2853 inva-

209 2883 408 2934 sionem
455 2892 830 2950 conquerente,
890 2883 1095 2934 Alanus
1144 2884 1394 2947 renitenS,
1445 2894 1611 2936 cartas
1665 2904 1797 2953 quas
1847 2886 1935 2935 ab-

207 2966 345 3017 batis
395 2967 660 3018 Warnerii
714 2967 925 3018 nomine
974 2977 1292 3036 praenotatas
1350 2969 1753 3019 memoravimus
1801 2987 1937 3036 prae-

208 3050 396 3112 tendit,
441 3069 603 3118 seque
643 3068 713 3100 ex
752 3050 919 3118 ipsius
964 3052 1168 3101 abbatis
1208 3052 1333 3102 dum
1374 3051 1543 3102 adhuc
1581 3052 1779 3103 viveret
1816 3071 1937 3102 con-

210 3152 366 3184 sensu
390 3133 498 3183 illic
522 3133 807 3183 admissum
834 3152 945 3183 esse
971 3134 1209 3184 asseruit.
1286 3134 1440 3185 Licet
1465 3135 1627 3202 igitur
1655 3135 1937 3202 diligenter

208 3216 541 3267 intuentibus
574 3216 745 3284 palam
782 3225 918 3267 esset
952 3226 1119 3267 cartas
1153 3218 1291 3284 ipsas
1331 3227 1514 3268 notam
1558 3218 1803 3268 falsitatis
1845 3218 1936 3269 ha-

210 3300 351 3362 bere,
391 3308 504 3349 erat
529 3308 704 3350 tamen
740 3299 975 3350 omnium
1007 3301 1099 3366 qui
1140 3301 1357 3350 aderant
1382 3301 1630 3350 unanime
1657 3301 1936 3352 consilium

211 3392 264 3433 et
287 3383 573 3451 persuasio,
601 3392 663 3434 ut
698 3383 967 3433 hincinde
1006 3383 1185 3450 potius
1223 3384 1476 3435 ducerent
1515 3386 1936 3452 componendum

214 3484 370 3533 quam
409 3466 742 3534 litigandum.
822 3465 1057 3516 Consilio
1099 3476 1152 3516 et
1194 3467 1454 3517 voluntati
1504 3468 1938 3535 persuadentium

211 3567 329 3617 pars
349 3560 572 3618 utraque
608 3548 885 3610 consentit,
914 3549 1094 3616 sicque
1126 3550 1190 3599 ab
1221 3550 1431 3601 arbitris
1452 3551 1606 3602 datur
1637 3551 1940 3620 hujusmodi
