2398 4152
694 456 1054 496 MONASTERII
1099 456 1176 495 DE
1214 456 1415 496 BELLO.
1833 446 1896 494 51

168 577 417 644 jectionis
442 576 768 646 calumpnia3
815 579 959 646 quod
994 599 1114 631 cum
1138 581 1400 632 renuisset
1438 580 1493 630 in
1519 580 1901 630 monimentum

177 659 434 710 libertatis
458 659 626 728 ipsius
653 662 887 712 ecclesiae
913 663 977 713 de
1006 662 1176 726 Bello,
1205 664 1455 731 quatinus
1479 663 1602 713 hinc
1627 663 1683 713 in
1715 681 1901 730 perpe-

176 749 329 792 tuum
354 743 522 793 omnis
549 742 773 812 Majoris
799 745 1116 797 Monasterii
1138 747 1525 797 obmutesceret
1552 745 1899 813 querimonia,

175 824 313 875 sicut
336 843 366 875 a
391 826 650 877 dominica
672 827 809 895 regis
835 828 1050 895 capella,
1077 828 1179 896 ipsi
1205 829 1433 879 ecclesiae
1461 830 1573 896 Maj
1582 828 1684 879 oris
1704 827 1904 878 scilicet

178 906 494 959 Monasterii
528 909 675 976 regia
727 910 953 961 contulit
1002 910 1408 978 magnificentia,
1458 912 1514 961 in
1564 911 1900 972 Devenesira,

177 992 438 1058 quoddam
463 993 756 1043 manerium
783 992 927 1059 quod
944 992 1274 1043 Torvertuna
1293 993 1526 1054 dicitur,l
1554 1002 1607 1043 et
1632 993 1902 1043 ecclesiam

175 1073 231 1124 in
255 1074 532 1124 Wiltesira
555 1075 620 1125 de
654 1075 888 1125 manerio
927 1076 990 1126 de
1019 1074 1299 1137 Chosham,
1327 1076 1506 1142 sicque
1533 1075 1754 1143 hujusce
1782 1095 1903 1126 cau-

175 1156 307 1206 satio
357 1166 574 1208 eatenus
620 1157 778 1208 finem
828 1158 1014 1209 sortita
1052 1158 1326 1209 conticuit.
1403 1158 1507 1209 His
1550 1176 1763 1225 quoque
1808 1177 1904 1225 pro

173 1248 297 1291 voto
337 1241 583 1303 definitis,
611 1241 854 1292 dominus
881 1241 1203 1293 Gausfridus
1244 1260 1364 1292 011111
1389 1241 1549 1309 regiae
1573 1241 1904 1293 auctoritatis

178 1323 571 1374 confirmatione
619 1324 832 1375 domum
882 1343 1148 1392 regressus
1196 1325 1312 1376 haec
1371 1325 1624 1375 fratribus
1673 1325 1905 1392 gratula-

175 1406 353 1457 bunde
384 1407 651 1475 exposuit,
689 1407 918 1476 hincque
957 1417 1020 1459 ut
1055 1418 1289 1477 coeperat
1318 1408 1544 1476 impiger
1575 1409 1760 1459 domus
1798 1408 1903 1458 Dei

175 1490 457 1540 commodis
481 1490 655 1541 animo
679 1490 970 1543 insistebat.

247 1571 419 1640 Igitur
437 1591 556 1624 011111
579 1573 894 1625 multimodo
909 1574 1169 1626 virtutum
1194 1574 1370 1626 studio
1395 1574 1672 1642 invigilans
1688 1576 1901 1626 domum
1921 1599 2032 1630 Death
2047 1598 2085 1629 of

175 1657 460 1708 desolatam
485 1658 727 1709 dominus
755 1658 1073 1710 Gausfridus
1098 1667 1456 1720 restaurasset,
1482 1660 1708 1710 necdum
1743 1660 1901 1710 tertio

173 1748 455 1808 postquam
479 1741 760 1792 advenerat
784 1742 996 1792 evoluto
1018 1761 1172 1804 anno,
1199 1742 1334 1793 heu!
1358 1742 1481 1792 hinc
1514 1742 1775 1793 inmature
1802 1743 1902 1793 tol-

174 1824 320 1886 litur,
347 1832 508 1892 atque
532 1833 736 1875 naturae
774 1826 963 1875 cedens
982 1825 1111 1893 juri,
1152 1826 1281 1876 xvii.
1309 1826 1558 1876 kalendas
1582 1825 1616 1875 J
1619 1826 1731 1875 unii
1768 1842 1903 1893 prae-

174 1907 310 1958 senti
334 1907 458 1958 vitae
483 1907 643 1958 finem
667 1908 812 1959 fecit.
869 1909 1035 1976 Cujus
1060 1927 1249 1975 corpus
1274 1927 1393 1958 cum
1417 1908 1650 1959 maximo
1676 1927 1903 1959 moerore

176 1990 232 2040 in
258 1990 490 2057 capitulo
509 1991 670 2058 juxta
695 1991 940 2042 abbatem
967 1990 1263 2041 Henricum
1288 1992 1352 2041 ad
1377 1991 1563 2041 laevam
1588 2009 1617 2041 a
1650 1991 1905 2043 fratribus

172 2074 448 2124 humatum
486 2074 725 2142 quiescit.
802 2073 993 2142 Itaque
1033 2083 1140 2125 tam
1184 2074 1354 2142 sagaci
1394 2074 1614 2124 ecclesia
1655 2075 1720 2124 de
1750 2074 1903 2125 Bello

174 2156 387 2208 viduata
435 2165 791 2225 procuratore,
837 2157 893 2208 in
942 2177 1048 2225 quo
1089 2158 1423 2226 paternitatis
1470 2176 1623 2208 verus
1665 2158 1904 2225 viguerat

174 2240 409 2301 affectus,
448 2240 514 2290 ad
539 2241 777 2309 ejusdem
803 2241 1037 2292 ecclesiae
1064 2260 1241 2292 curam
1267 2260 1335 2292 ex
1360 2241 1498 2308 regis
1531 2260 1744 2292 assensu
1772 2241 1903 2291 Tor-

175 2323 401 2374 neiensis
442 2323 621 2386 abbas,
660 2325 800 2374 unde
842 2343 1000 2392 supra
1031 2324 1385 2386 meminimus,
1414 2324 1657 2375 dominus
1692 2325 1903 2375 advenit

177 2406 468 2468 Gunterus,
510 2415 670 2475 atque
709 2426 804 2475 per
845 2426 965 2458 suos
1000 2408 1187 2457 domus
1219 2407 1588 2474 procuratione
1630 2407 1899 2474 disposita,

171 2490 237 2552 ad
261 2490 525 2558 propriam
549 2491 710 2541 rediit
748 2491 1031 2551 abbatiam,
1071 2499 1374 2540 remanente
1412 2492 1640 2557 quodam
1667 2491 1902 2540 Radulfo

174 2575 330 2624 modo
369 2573 535 2640 ipsius
577 2581 771 2641 nepote
812 2573 955 2641 apud
979 2573 1240 2623 Bellicum
1265 2574 1641 2624 monasterium
1666 2583 1900 2641 tempore

174 2657 465 2724 aliquanto.
543 2656 667 2710 Quo
691 2657 1032 2724 postmodum
1057 2657 1373 2724 quibusdam
1398 2658 1757 2708 simultatibus
1781 2677 1901 2708 cum

174 2740 317 2791 omni
350 2739 593 2807 praedicti
617 2740 820 2791 abbatis
844 2748 1106 2808 potestate
1132 2740 1352 2803 secluso,
1392 2741 1604 2792 demum
1629 2760 1752 2808 rege
1779 2760 1899 2809 pro-

172 2824 301 2891 priis
357 2832 724 2892 praeoccupato
770 2824 1015 2892 negotiis,
1057 2824 1222 2875 totius
1271 2824 1490 2876 Bellicae
1541 2843 1666 2875 cura
1713 2826 1898 2875 domus

171 2908 543 2958 monachorum
584 2908 916 2976 dispositioni
955 2908 1186 2970 subacta,
1227 2908 1394 2959 multa
1431 2927 1525 2976 per
1568 2908 1898 2976 aliquantum

173 2991 422 3059 temporis
445 2990 830 3060 pervehebatur
853 2992 1127 3042 industria.

1922 1640 2133 1677 Gausfridus,

1922 1682 2001 1722 May
2017 1680 2064 1711 16.

243 3074 403 3126 Anno
426 3093 550 3127 vero
575 3074 767 3126 divinae
792 3075 1181 3125 humanationis
1208 3074 1288 3126 M.
1308 3093 1352 3126 0.
1379 3075 1469 3125 vii.
1497 3093 1595 3124 rex
1609 3073 1893 3137 Henricus,
1920 3095 1998 3119 mn·
2019 3091 2109 3125 1107·

174 3167 486 3226 congregato
510 3158 793 3209 universali
818 3158 1059 3219 concilio,
1082 3176 1201 3208 cum
1227 3158 1409 3208 multis
1434 3157 1629 3207 orbatis
1663 3157 1895 3208 ecclesils

172 3248 404 3307 pastores
444 3242 729 3293 secundum
756 3259 978 3291 canones
1022 3241 1331 3308 delegasset,
1358 3241 1498 3290 inter
1522 3240 1751 3307 reliquas
1774 3259 1896 3309 pro-

172 3323 302 3390 priae
329 3325 544 3392 capellae
589 3341 699 3374 suae
741 3324 805 3374 de
832 3324 985 3374 Bello
1009 3342 1115 3373 non
1139 3323 1429 3384 immemor,
1473 3323 1734 3389 quendam
1776 3341 1896 3373 suo-

175 3423 291 3457 rum
352 3407 573 3458 consilio
628 3407 884 3458 asciscens
948 3406 1326 3456 Cadomensem
1394 3406 1708 3456 monachum
1774 3406 1896 3456 reli-

346 3568 358 3591 ¹
375 3567 453 3609 See
473 3568 545 3609 the
574 3567 738 3609 charter
759 3569 806 3610 of
823 3568 932 3610 Hen.
954 3567 1013 3609 II.
1037 3568 1079 3608 in
1100 3567 1171 3609 the
1193 3567 1475 3623 Monasticon,
1497 3568 1552 3611 vi,
1584 3569 1708 3612 1097.

1641 3667 1667 3693 E
1698 3657 1726 3695 2

1856 3157 1866 3167 ,
1917 3128 2031 3160 Abbot
2040 3129 2163 3169 Ralph.
