2398 4152
629 447 990 491 MONAs'rERn
1034 447 1113 488 DE
1155 446 1359 487 BELLo.
1762 432 1865 483 153

23 542 73 658 ’ἐξ
136 576 420 642 sedemque
445 572 785 643 apostolicam
801 569 1222 641 appellaverim.'’
1261 567 1523 620 Monebat
1545 585 1643 619 rex
1661 567 1867 635 Regem

134 664 307 715 filium
347 667 540 726 suum,¹
569 663 663 731 qui
700 670 829 713 tunc
854 662 991 713 forte
1022 661 1219 723 aderat,
1246 678 1373 728 pace
1409 659 1551 710 inter
1582 677 1672 709 eos
1707 657 1867 726 paulo

134 755 258 799 ante
308 754 429 815 post
465 746 797 815 praescriptas
834 744 1136 796 inimicitias
1173 743 1471 806 reformata,
1511 742 1762 793 monebat
1813 749 1868 791 et

133 848 316 882 omnes
334 848 466 898 quos
483 830 621 898 apud
636 829 812 898 ipsum
832 828 1060 879 electum
1076 827 1361 896 quicquam
1385 845 1537 896 posse
1557 826 1783 895 putabat
1809 833 1870 876 ut

55 912 74 940 Ὗ
140 931 260 965 eum
284 913 349 964 ad
372 912 807 964 consentiendum
833 919 1133 980 satagerent
1156 910 1424 962 inducere.
1503 910 1690 961 Stabat
1726 908 1869 959 solus

137 1006 320 1048 contra
368 1014 565 1059 omnes,
616 995 931 1047 secularium
997 994 1333 1063 negotiorum
1377 1013 1448 1056 se,
1499 994 1638 1044 inter
1680 1000 1871 1044 caetera

97 1092 100 1100 '
140 1080 334 1150 quibus
359 1077 691 1131 excusationi
714 1078 991 1130 insistebat
1015 1095 1246 1129 asserens
1271 1076 1530 1144 ignarum,
1557 1094 1640 1127 res
1665 1093 1870 1126 monas-

140 1163 261 1217 terii
302 1181 454 1232 posse
495 1162 608 1232 pati
653 1160 1004 1231 dispendium,
1049 1160 1094 1211 si
1142 1160 1358 1227 regendi
1404 1160 1612 1211 nescius
1651 1158 1870 1210 rectoris

19 1240 21 1243 ’
68 1299 70 1302 ,
133 1248 428 1316 susciperet
452 1246 701 1298 officium.
779 1244 1107 1296 Causabatur
1121 1251 1381 1312 praeterea
1405 1261 1458 1294 se
1479 1261 1695 1310 corpore
1715 1241 1872 1293 nimis

141 1351 249 1385 esse
286 1330 593 1393 invalidum,
619 1328 814 1381 laboris
847 1327 1230 1397 impatientem,
1259 1335 1502 1396 oportere
1528 1325 1873 1378 monasterio-

139 1431 257 1468 rum
281 1423 513 1466 rectores
540 1431 651 1464 esse
675 1411 937 1474 robustos,
966 1419 1019 1462 et
1044 1430 1165 1462 cum
1192 1411 1299 1461 sint
1322 1410 1480 1461 multi
1505 1428 1683 1460 rerum
1709 1409 1874 1461 eccle-

140 1498 466 1551 siasticarum
514 1497 926 1566 impugnatores,
980 1494 1282 1546 earumdem
1323 1502 1648 1563 protectores
1695 1512 1877 1545 neces-

140 1583 277 1636 sario
317 1591 424 1634 tam
466 1582 523 1632 in
567 1580 893 1632 secularibus
937 1578 1127 1629 studiis
1169 1596 1328 1645 quam
1361 1578 1417 1628 in
1456 1577 1646 1628 divinis
1686 1578 1874 1628 debere

143 1686 254 1719 esse
281 1665 616 1717 exercitatos·

215 1749 458 1801 Audiens
483 1767 606 1799 eum
648 1765 747 1798 rex
784 1746 1091 1816 hujusmodi
1119 1745 1487 1798 excusationes
1523 1746 1875 1815 praetendere,
1900 1757 1975 1789 'Phe
1996 1756 2092 1796 King

63 1838 78 1847 ’“
142 1852 305 1903 quem
346 1832 593 1902 precibus
645 1850 752 1882 non
800 1831 982 1899 potuit
1029 1830 1112 1881 vel
1168 1830 1615 1898 persuasionibus,
1666 1830 1878 1881 flectere
1899 1802 2146 1912 ἓῐέιτέιῗῖἇὲὴίω

1983 1888 2149 1920 romlslng

144 1917 356 1971 studuit
395 1915 852 1986 promissionibus.
954 1914 1259 1982 Dignitates
1308 1932 1433 1981 ergo
1497 1913 1879 1982 libertatesque
1901 1891 2087 1994 ξέἑξιίξὸηῗέ

147 2001 448 2054 monasterii
493 1995 659 2051 sancti
717 1997 942 2050 Martini
996 1998 1060 2048 de
1112 1997 1282 2058 Bello,
1334 2014 1465 2064 quas
1515 2014 1626 2066 prae
1677 1997 1882 2048 caeteris
1902 2005 1961 2036 the
1972 2003 2090 2044 abbey·

149 2085 298 2154 regni
337 2085 419 2135 sui
481 2083 714 2135 ecclesiis
753 2101 812 2134 ac
851 2081 1183 2132 monasteriis
1230 2080 1426 2131 habere
1472 2080 1782 2144 dinoscitur,
1834 2080 1883 2131 ei

150 2167 442 2239 proposuit,
469 2167 825 2234 affectumque
862 2184 1018 2216 suum
1059 2173 1113 2216 et
1156 2165 1508 2228 devotionem,
1550 2183 1710 2233 quam
1744 2164 1886 2215 circa

147 2273 236 2305 eas
283 2253 340 2304 in
388 2271 483 2304 sua
530 2251 839 2320 integritate
890 2250 1268 2302 conservandas
1338 2256 1557 2300 eatenus
1616 2248 1882 2311 habuerit,

148 2355 381 2389 asserens
406 2336 579 2388 eidem
618 2335 834 2387 affectui
872 2353 930 2386 ac
972 2333 1242 2385 devotioni
1293 2350 1404 2384 suae
1443 2332 1734 2402 plurimum
1772 2333 1883 2383 fore

150 2420 500 2484 adiciendum,
543 2421 586 2471 si
628 2419 742 2488 ipse
786 2419 853 2469 ad
895 2418 950 2469 id
995 2418 1141 2485 quod
1184 2416 1285 2468 sibi
1324 2417 1720 2486 proponebatur
1763 2435 1886 2467 con-

151 2505 373 2556 sentiret
414 2503 825 2573 suscipiendum.
904 2502 1029 2570 Ipso
1069 2518 1299 2568 namque
1343 2500 1558 2568 pacifice
1609 2510 1664 2552 et
1704 2500 1886 2568 quiete

152 2588 212 2649 in
248 2587 566 2640 monasterio
587 2587 848 2654 degente,
890 2604 944 2635 se
988 2585 1236 2636 adversus
1279 2603 1459 2635 omnes
1498 2584 1554 2635 in
1592 2584 1766 2653 ipsum
1804 2583 1889 2634 vel

155 2690 238 2726 res
273 2672 374 2723 sibi
407 2671 707 2724 commissas
741 2669 1011 2737 insurgere
1046 2668 1326 2719 molientes
1350 2668 1671 2738 protectioni
1705 2676 1760 2718 et
1800 2668 1890 2718 de-

156 2755 383 2808 fensioni
408 2753 721 2807 omnimodiS
763 2753 1055 2804 affuturum
1097 2751 1467 2820 pollicebatur,
1514 2750 1891 2819 indempnitati

161 2856 270 2891 suae
296 2848 351 2891 et
392 2857 608 2891 suorum
647 2856 702 2889 se
745 2837 801 2888 in
841 2836 1086 2888 omnibus
1115 2835 1467 2905 provisurum,
1505 2836 1789 2887 dummodo
1827 2835 1892 2885 de

162 2923 383 2991 negotiis
409 2923 516 2974 suis
540 2922 598 2973 in
623 2940 806 2973 eorum
840 2920 1223 2972 emersionibus
1248 2939 1344 2988 per
1370 2920 1664 2987 quemlibet
1689 2938 1893 2970 monas-

165 3007 285 3058 terii
325 3007 542 3058 fratrem
581 3013 675 3057 aut
712 3005 1024 3056 servientem
1068 3004 1169 3055 sibi
1208 3004 1561 3055 nuntiaretur.
1636 3004 1896 3055 Manebat

165 3091 254 3142 ille
279 3090 591 3142 inflexibilis
618 3090 684 3141 ad
714 3089 905 3152 omnia,
933 3088 989 3138 in
1022 3087 1171 3138 nullo
1206 3087 1432 3155 amplius
1460 3088 1649 3137 cedens
1674 3087 1896 3155 promis-

169 3174 402 3227 sionibus
428 3193 588 3242 quam
625 3181 781 3224 antea
806 3171 1253 3240 persuasionibus,
1333 3170 1680 3238 Supplicabat
1719 3179 1899 3221 autem

167 3258 419 3309 obnixius
443 3266 507 3309 ut
532 3257 631 3308 sibi
657 3257 842 3307 liceret
866 3255 1036 3323 patria
1072 3253 1251 3321 egredi
1279 3254 1389 3303 sine
1416 3254 1524 3303 ulla
1549 3254 1605 3303 in
1629 3262 1901 3321 posterum

173 3360 263 3410 spe
282 3341 565 3404 remeandi,
588 3340 745 3391 malle
774 3358 826 3390 se
854 3339 1032 3389 dicens
1058 3338 1114 3387 in
1135 3336 1246 3387 solo
1272 3336 1443 3387 alieno
1465 3337 1710 3404 quietum
1728 3338 1902 3388 vivere

171 3425 271 3476 -sub
296 3425 412 3493 lege
439 3424 724 3487 claustrali,
754 3441 913 3492 quam
941 3421 997 3472 in
1036 3420 1250 3489 proprio
1277 3420 1415 3471 curis
1445 3421 1768 3473 secularibus
1807 3421 1905 3471 im-

230 3552 245 3580 ¹
278 3553 436 3609 Henry,
450 3553 550 3595 then
567 3551 706 3609 styled
723 3552 830 3604 Rex,
848 3550 998 3606 during
1084 3564 1136 3591 on
1159 3550 1244 3592 this
1272 3549 1465 3591 occasion
1496 3550 1532 3592 is
1553 3548 1641 3593 also
1663 3549 1830 3593 noticcd
1851 3549 1909 3606 by

174 3609 239 3652 his
251 3610 421 3653 father’s
435 3610 629 3654 lifetime.
701 3609 782 3651 His
799 3622 996 3665 presence
1085 3607 1282 3662 Gervase,
1306 3607 1531 3653 Cl1r0n.ib.
