2398 4152
212 1393 356 1436 History
371 1394 410 1427 of

210 1436 270 1467 the
286 1436 422 1477 dispute

210 1476 364 1509 between
378 1478 441 1510 Hi-

209 1518 293 1558 lary,
311 1519 441 1562 Bishop

209 1560 248 1591 of
253 1560 460 1602 Chichester‚

207 1601 277 1632 and
291 1602 407 1635 Abbot

209 1643 354 1676 Walter.

205 2257 242 2281 A.
261 2258 298 2282 D.
318 2255 410 2284 1148.

491 493 562 543 68
1001 497 1284 540 HISTORIA
1327 497 1748 539 FUNDATIONIS·

489 648 611 681 cum
631 634 780 679 tanto
814 623 1015 677 honore
1043 632 1250 676 constat
1277 624 1709 687 determinatum,
1739 633 1803 677 ut
1827 624 2037 677 utiliter
2061 625 2256 697 hujus-

486 713 632 764 modi
676 711 862 762 dilatio
888 710 1030 761 facta
1066 710 1344 779 probetur.
1424 708 1706 776 Siquidem
1738 729 1836 779 per
1859 709 1995 761 hanc
2034 710 2249 763 dilatio-

486 816 611 848 nem
645 804 700 847 et
725 794 963 847 ecclesiae
996 794 1243 863 dignitas,
1274 802 1329 845 et
1354 800 1618 845 cartarum
1646 794 1886 864 ejusdem
1911 795 1976 846 ab
2012 803 2254 848 anteces-

487 882 696 933 soribus
723 880 913 931 collata
952 880 1256 942 auctoritas,
1297 896 1406 929 non
1450 878 1623 929 solum
1646 879 1810 948 regiae
1847 879 2031 943 curiae,
2075 881 2169 932 sed
2195 888 2251 933 et

485 965 750 1018 nobilium
799 964 1229 1033 ignobiliumque
1278 982 1376 1033 per
1425 963 1593 1014 totius
1642 964 1795 1032 regni
1855 965 2026 1033 spatia
2086 965 2250 1018 latius

486 1050 644 1101 solito
694 1049 964 1118 divulgata
1002 1068 1098 1118 per
1144 1049 1375 1119 populos
1423 1067 1522 1117 pro
1578 1049 1836 1100 miraculo
1902 1050 2249 1119 praedicatur,

483 1134 718 1204 hincque
762 1143 817 1186 et
854 1134 1018 1203 regiae
1059 1134 1392 1186 auctoritatis
1418 1142 1606 1198 terror,
1653 1142 1708 1185 et
1748 1134 1986 1186 ecclesiae
2027 1136 2249 1188 libertas

484 1221 875 1271 corroboratur.
952 1219 1116 1271 Nunc
1152 1239 1278 1288 ergo
1319 1219 1385 1271 ab
1431 1219 1655 1271 exordio
1694 1228 2016 1290 praetaxatae
2039 1229 2250 1274 contro-

483 1305 670 1356 versiae
698 1305 916 1356 modum
942 1305 1308 1374 expediamus.

560 1389 754 1459 Operae
782 1389 925 1440 enim
961 1390 1198 1459 pretium
1236 1398 1316 1441 est
1356 1391 1420 1442 ad
1453 1399 1792 1461 posterorum
1818 1390 2130 1443 memoriam
2153 1388 2251 1440 lit-

485 1474 613 1525 teris
664 1474 1050 1536 commendare,
1109 1473 1341 1542 qualiter
1404 1475 1548 1526 inter
1596 1476 1910 1527 venerandae
1953 1463 2245 1527 “memoriae

485 1559 716 1610 eundem
767 1556 1042 1609 Hilarium
1105 1556 1378 1609 Cicestriae
1429 1559 1741 1629 episcopum
1799 1568 1855 1612 et
1921 1559 2244 1630 praedictum

481 1644 655 1695 virum
698 1643 1003 1694 Walterum
1055 1642 1305 1695 abbatem
1364 1644 1607 1696 ecclesiae
1677 1646 1846 1697 sancti
1904 1645 2133 1697 Martini
2177 1644 2243 1695 de

481 1729 654 1792 Bello,
693 1727 1050 1780 controversia
1074 1727 1138 1778 de
1179 1728 1532 1796 dignitatibus
1554 1737 1608 1781 et
1632 1730 1974 1782 libertatibus
2000 1729 2247 1782 ecclesia-

477 1831 598 1864 rum
624 1832 841 1864 suarum
867 1812 962 1863 diu
994 1813 1136 1863 inter
1176 1812 1296 1863 illos
1329 1813 1532 1877 habita,
1572 1815 1639 1866 ad
1671 1815 1816 1884 pacis
1843 1824 1899 1867 et
1942 1814 2245 1867 dilectionis

477 1898 811 1949 concordiam
853 1898 1113 1967 perducta
1152 1898 1238 1949 sit.
1319 1898 1483 1952 Quod
1507 1899 1747 1968 legentes
1772 1901 1945 1953 veraci
1973 1901 2242 1969 digestum

475 2001 584 2034 non
635 1982 887 2034 dubitent
931 1982 1148 2045 calamo,
1198 1983 1429 2035 scientes
1478 1985 1640 2036 etiam
1688 1986 1862 2037 multa
1901 1993 2120 2056 propter
2161 1985 2242 2036 di-

475 2085 679 2119 versam
737 2086 1040 2119 sermonum
1114 2067 1390 2119 materiam
1443 2070 1819 2138 praetermissa,
1893 2090 1962 2123 ne
2015 2069 2240 2122 taedium

474 2152 739 2204 inferrent
763 2152 1070 2204 lectoribus.

550 2236 714 2288 Anno
758 2238 825 2288 ab
863 2238 1229 2289 incarnatione
1271 2237 1496 2291 Domini
1521 2239 1601 2292 M.
1627 2259 1670 2293 c.
1698 2241 1876 2294 xlviiio
1900 2248 2157 2310 regnante
2183 2240 2241 2292 in

478 2320 680 2391 Anglia
707 2321 979 2391 Stephano
1005 2341 1129 2391 rege
1169 2322 1410 2392 piissimo
1437 2343 1507 2375 ex
1532 2324 1819 2378 clarissimo
1852 2327 1992 2395 regis
2024 2325 2242 2377 Willel-

476 2407 552 2458 mi
591 2407 770 2475 magni
808 2414 1084 2458 stemmate
1124 2415 1259 2471 orto,
1307 2426 1446 2459 anno
1487 2409 1690 2462 scilicet
1724 2411 1848 2462 xiiio
1872 2410 2024 2479 regni
2048 2410 2236 2480 ipsius,

476 2491 796 2543 reverendus
821 2492 902 2542 vir
927 2492 1145 2560 quidam
1173 2491 1417 2544 Hilarius
1442 2495 1676 2558 nomine,
1713 2496 1952 2547 moribus
1980 2495 2238 2558 honestis,

477 2577 782 2645 artiumque
824 2576 1130 2628 liberalium
1169 2578 1495 2647 praefulgens
1522 2580 1715 2644 nitore,
1756 2579 1995 2632 ecclesiae
2042 2589 2239 2632 sanctae

480 2661 762 2713 Trinitatis
808 2660 1083 2712 Cicestriae
1127 2662 1350 2714 antistes
1393 2664 1706 2732 praeficitur.
1786 2665 1900 2720 Qui
1947 2684 2070 2717 cum
2112 2666 2239 2735 jura

477 2754 533 2798 et
573 2747 860 2814 dignitates
898 2747 1134 2798 ecclesiae
1161 2765 1273 2799 suae
1299 2749 1540 2818 undique
1566 2751 1891 2819 perscrutari
1915 2751 2181 2820 coepisset,
2208 2769 2241 2802 a

478 2831 799 2901 quibusdam
826 2831 875 2881 ei
900 2831 1210 2883 intimatum
1237 2841 1334 2896 est,
1364 2835 1641 2886 ecclesiam
1664 2836 1833 2886 sancti
1859 2835 2087 2887 Martini
2114 2851 2237 2904 quae

478 2917 883 2985 cognominatur
923 2916 987 2966 de
1015 2916 1190 2980 Bello,
1237 2936 1300 2967 eo
1344 2918 1488 2985 quod
1526 2918 1727 2970 ibidem
1769 2919 1920 2970 Deus
1946 2920 2061 2988 regi
2094 2919 2238 2971 Wil-

477 3001 638 3053 lelmo
665 3000 1016 3070 conquisitori
1044 2999 1263 3069 Angliae
1302 3001 1367 3052 de
1393 3002 1624 3053 inimicis
1659 3003 1769 3054 suis
1793 3003 2071 3055 victoriam
2111 3023 2246 3056 con-

476 3086 622 3149 tulit,
664 3088 781 3156 ejus
816 3085 1008 3136 ditioni
1049 3086 1322 3155 subjacere
1363 3086 1597 3139 debitam
1639 3088 1822 3140 fuisse.
1899 3087 2236 3141 Venerandae

477 3191 602 3240 ergo
627 3170 900 3222 memoriae
924 3170 1005 3222 vir
1032 3189 1154 3221 cum
1178 3171 1293 3222 haec
1330 3171 1636 3240 accepisset,
1665 3172 1970 3224 Walterum
1996 3174 2236 3242 ejusdem

474 3258 580 3309 loci
604 3258 853 3308 abbatem
880 3276 1039 3327 super
1063 3257 1165 3309 hoc
1190 3257 1508 3309 multociens
1535 3259 1799 3310 convenit.
1878 3258 2093 3311 Abbate
2108 3279 2234 3328 vero

474 3343 774 3406 resistente,
816 3361 912 3394 nec
939 3343 1113 3393 eidem
1151 3343 1491 3407 assentiente,
1540 3343 1794 3395 dissensio
1834 3344 1975 3395 inter
2000 3364 2088 3396 eos
2113 3364 2235 3414 per-

474 3428 710 3479 maxima
753 3435 869 3479 orta
909 3435 1005 3479 est.
1083 3427 1285 3480 Modus
1326 3436 1507 3480 autem
1551 3429 1891 3481 dissensionis
1930 3429 2071 3481 inter
2113 3429 2233 3481 illos

473 3511 783 3581 hujusmodi
808 3521 935 3564 erat.
1699 3579 1702 3581 ,

546 3596 849 3665 Episcopus
871 3596 1146 3648 Cicestriae
1171 3598 1419 3650 abbatem
1448 3598 1512 3649 de
1540 3598 1695 3650 Bello
1715 3598 1780 3650 ad
1796 3599 2059 3668 synodum
2083 3617 2234 3651 suam

474 3681 617 3749 apud
663 3680 972 3732 Cicestriam
1011 3682 1105 3744 ire,
1153 3691 1207 3734 et
1246 3683 1423 3735 omnia
1460 3683 1779 3753 episcopalia
1818 3685 2111 3736 secundum
2147 3702 2237 3736 ca-
