2398 4152
647 456 1010 501 MoNASTERn
1048 460 1127 501 DF.
1169 463 1372 506 BELLo.
1782 461 1882 511 105

6 577 42 642 {¹-
152 580 363 654 plicare.
463 581 618 633 Licet
663 582 829 649 igitur
866 582 1155 651 plurimum
1195 586 1463 653 fatigatuS,
1495 587 1620 639 licet
1661 589 1887 657 plurima

154 667 387 736 corporis
411 666 495 716 sui
517 673 668 734 parte
692 665 971 727 invaliduS‚
998 684 1104 716 non
1131 676 1305 718 tamen
1346 670 1575 738 propriae
1613 672 1887 724 imbecilli-

154 751 272 813 tati,
321 768 450 806 non¹
471 748 719 817 expensis
776 766 988 816 parcere
1033 749 1218 812 voluit,
1273 752 1400 818 quin
1451 754 1737 805 commissae
1785 757 1885 807 sibi

8 838 43 878 *t
156 833 391 885 ecclesiae
440 831 665 883 utilitati
716 838 771 882 et
827 831 1148 899 promotioni
1208 833 1520 884 omnimodis
1572 837 1885 905 invigilaret.

156 917 289 970 Voti
313 916 494 984 itaque
519 914 620 978 sui,
654 912 711 964 in
736 914 999 964 libertatis
1025 932 1135 964 suae
1174 933 1232 965 ac
1275 916 1546 983 dignitatis
1590 931 1889 972 conservata

156 999 480 1068 integritate,
508 1011 720 1066 compos
747 997 984 1058 effectus,
1007 997 1248 1064 nihilque
1275 998 1375 1048 sibi
1393 1001 1503 1067 jam
1529 1001 1584 1050 in
1609 1001 1703 1052 hac
1743 1013 1889 1070 parte

156 1083 372 1145 veritus,
403 1080 708 1150 aggreditur
755 1079 891 1130 male
935 1079 1168 1148 dispersa
1195 1098 1455 1143 revocare,
1497 1090 1551 1131 et
1587 1083 1891 1136 hostilitatis

159 1173 394 1235 tempore
415 1165 658 1228 alienata,
673 1163 786 1232 juri
811 1161 1164 1214 ecclesiastico
1189 1163 1504 1230 mancipare.
1580 1165 1671 1216 Ex
1697 1167 1890 1234 quibus

159 1250 409 1318 quoniam
433 1246 860 1316 exemplificandi
885 1245 1056 1314 gratia
1101 1245 1345 1314 quaedam
1382 1247 1605 1313 posteris
1648 1250 1890 1300 mandare

36 1331 38 1334 ’
112 1339 117 1344 “
161 1332 501 1394 decrevimuS,
528 1338 591 1382 ut
613 1349 696 1381 res
734 1329 961 1398 amplius
1003 1328 1171 1397 possit
1212 1328 1522 1393 elucescere,
1566 1349 1775 1382 necesse
1815 1342 1893 1383 est

158 1425 418 1468 retroacta
441 1423 681 1483 tempora
701 1413 933 1464 breviter
956 1412 1224 1480 replicare.

230 1499 376 1550 Dum
401 1498 572 1549 adhuc
597 1495 897 1564 Anglorum
920 1494 1278 1563 gubernacula
1315 1503 1519 1546 teneret
1543 1496 1757 1547 inclitus
1795 1516 1891 1547 rex
1915 1510 2108 1540 Prosecutu-

1913 1550 1965 1581 his
1977 1550 2075 1581 claim
2088 1553 2124 1580 to

160 1582 444 1645 Henricus,
471 1579 787 1632 nobilissimi
829 1578 968 1646 regis
1007 1577 1269 1628 Willelmi
1295 1578 1537 1646 Anglicae
1575 1581 1889 1631 monarchiae
1914 1592 2105 1663 ῑὶέεΒιὲιυὲτ

1913 1643 1933 1664 0
2023 1642 2061 1662 ΓΠ
2081 1648 2093 1655 ·

160 1664 549 1735 conquisitoris,
576 1671 631 1715 et
655 1663 891 1715 ecclesiae
919 1662 1084 1713 sancti
1110 1661 1335 1712 Martini
1370 1663 1433 1712 de
1461 1663 1613 1713 Bello
1648 1663 1893 1714 fundato·
1914 1674 2039 1720 homa

159 1750 232 1801 ris
256 1749 415 1810 filius,
441 1747 611 1798 felicis
650 1746 917 1798 memoriae
959 1745 1119 1795 abbas
1154 1744 1423 1795 Radulfus
1464 1747 1556 1813 qui
1601 1756 1726 1798 tunc
1763 1755 1895 1798 tem-
1915 1712 2146 1787 ‘c’ssffiofthe

162 1833 305 1903 poris
330 1832 502 1883 eidem
535 1830 770 1882 ecclesiae
812 1836 1056 1897 praeerat,
1085 1846 1114 1878 a
1155 1829 1383 1896 quodam
1423 1829 1736 1896 Ingelranno
1775 1849 1895 1898 cog-

163 1924 412 1968 nomento
452 1913 919 1975 Beccheneridere,
969 1911 1180 1962 homine
1230 1911 1549 1963 Withelardi
1595 1913 1658 1962 de
1686 1913 1894 1975 Baillol,

162 2000 276 2069 ipso
315 1997 652 2050 Withelardo
687 1995 1049 2047 consentiente
1094 2003 1156 2045 ut
1198 1996 1610 2064 suprascriptum
1637 1996 1744 2057 est‚¹
1794 2005 1897 2047 tres

163 2083 338 2135 wistas
357 2091 514 2133 terrae
538 2081 595 2132 in
615 2079 955 2131 Bernehorne
983 2078 1105 2128 dato
1124 2078 1297 2146 pretio
1323 2079 1654 2146 comparavit.
1732 2080 1899 2130 Addi-

166 2167 244 2218 dit
286 2174 465 2217 autem
500 2164 662 2233 gratis
689 2164 762 2214 de·
789 2162 1006 2230 proprio
1046 2161 1188 2211 idem
1232 2160 1596 2212 Withelardus
1641 2164 1898 2230 quandam

163 2259 368 2321 partem
393 2259 548 2301 terrae
573 2248 630 2299 in
655 2248 874 2299 marisco
913 2245 1148 2315 praefatis
1183 2245 1353 2294 tribus
1378 2245 1541 2295 wistis
1583 2248 1897 2314 contiguam,

167 2343 222 2386 et
241 2343 349 2386 tam
374 2334 438 2385 ab
453 2332 665 2384 homine
683 2350 778 2383 suo
797 2330 1114 2398 Ingelranno
1135 2328 1333 2378 scilicet
1354 2339 1718 2396 comparatam,
1743 2350 1900 2398 quam

167 2428 222 2471 et
264 2421 461 2471 donum
501 2415 776 2486 proprium
829 2414 999 2465 eidem
1050 2412 1282 2463 ecclesiae
1329 2412 1391 2462 de
1436 2412 1588 2462 Bello
1629 2414 1898 2464 concessit.

168 2503 244 2555 Et
267 2512 330 2554 ut
354 2502 537 2553 eadem
562 2509 701 2551 terra
726 2498 940 2550 omnino
979 2497 1145 2547 libera
1177 2496 1241 2546 ab
1281 2495 1422 2545 omni
1448 2496 1717 2560 servitute,
1746 2506 1798 2546 et
1835 2497 1900 2547 ab

169 2586 402 2638 omnium
423 2585 699 2637 hominum
727 2582 1026 2651 calumpnia
1049 2581 1105 2630 in
1133 2588 1453 2648 perpetuum
1474 2579 1644 2629 eidem
1668 2579 1900 2630 ecclesiae

166 2678 475 2733 remaneret,
503 2688 533 2720 a
551 2667 807 2738 jamdicto
832 2665 1110 2734 magnifico
1135 2683 1255 2731 rege
1284 2663 1535 2725 HenricO,
1579 2671 1633 2712 et
1658 2682 1688 2712 a
1712 2662 1901 2713 comite

170 2753 318 2822 Augi
345 2752 580 2804 Henrico
607 2751 820 2803 domino
857 2749 1096 2818 ejusdem
1122 2746 1442 2798 Withelardi
1480 2746 1782 2796 confirmata
1807 2754 1901 2796 est.

173 2837 309 2888 Cum
326 2855 452 2889 vero
477 2836 648 2887 multo
682 2837 794 2904 jam
818 2834 996 2884 labore
1023 2831 1312 2898 multisque
1350 2829 1614 2898 expensiS,
1642 2830 1696 2879 in
1739 2828 1902 2879 domi-
1925 2848 2031 2894 cause
2053 2845 2154 2878 orme

167 2921 284 2983 bUS,
310 2919 368 2971 in
410 2919 746 2988 agriculturis
785 2918 1078 2968 instaurata
1117 2921 1253 2964 esset
1287 2913 1467 2963 eadem
1507 2920 1662 2974 terra,
1708 2912 1904 2961 molen·
1925 2888 2069 2928 ὤμω

172 3004 296 3055 dino
336 3003 496 3055 etiam
545 3003 747 3072 optimo
791 3001 848 3051 in
896 2999 1116 3050 marisco
1158 2997 1316 3058 facto,
1353 2997 1571 3064 jamque
1619 2995 1904 3062 plurimum

171 3072 430 3139 commodi
469 3093 858 3155 expectaretur,
884 3082 1151 3150 praecipue
1178 3098 1298 3130 cum
1324 3087 1457 3128 esset
1482 3078 1713 3128 ecclesiae
1740 3078 1905 3128 conti-

171 3191 290 3240 gua,
320 3172 469 3240 quasi
496 3171 734 3239 quinque
776 3168 1013 3218 millibus
1052 3165 1265 3225 distans,
1294 3164 1483 3213 abbate
1510 3160 1744 3212 Radulfo
1780 3160 1904 3209 huic

172 3256 296 3307 vitae
344 3256 504 3306 finem
546 3254 792 3313 faciente,
862 3258 916 3300 et
965 3247 1246 3299 Warnerio
1286 3246 1613 3306 succedente,
1665 3243 1905 3293 dominus

172 3340 326 3391 fundi
368 3339 595 3390 eundem
638 3336 879 3386 abbatem
925 3330 1264 3382 Warnerium
1304 3328 1562 3388 convenit,
1605 3327 1908 3393 frequenter

173 3423 239 3474 ab
270 3442 332 3473 eo
356 3423 586 3491 plurima
611 3420 828 3485 exigens
854 3424 1104 3481 tanquam
1143 3430 1238 3479 pro
1264 3411 1507 3461 beneficii
1549 3428 1908 3477 recompensa-

173 3506 334 3558 tione.
412 3506 518 3557 Sed
544 3523 663 3556 cum
699 3502 942 3553 abbatem
979 3498 1090 3564 jam
1134 3496 1355 3545 taederet
1394 3496 1507 3563 ejus
1551 3493 1904 3553 exactionum,

913 3600 922 3623 ¹
953 3600 1030 3640 See
1051 3613 1091 3654 p.
1115 3601 1182 3640 53.
