2398 4152
509 415 619 491 176
973 439 1255 483 HISTORIA
1298 434 1711 484 FUNDATIoms

505 566 642 618 lium
679 583 839 616 suum
871 564 1116 623 venirent
1149 565 1382 635 benigne
1416 573 1647 635 rogaret,
1684 583 1867 618 omnes
1891 584 1947 619 se
1967 566 2130 620 modo
2156 568 2286 638 quo?

504 650 826 720 praedictum
866 657 947 701 est
981 634 1393 714 excusaverunt,
1438 651 1572 702 adeo
1609 658 1674 702 ut
1712 669 1809 702 nec
1844 669 1984 704 unus
2028 652 2267 705 omnium
2326 646 2352 703 s

502 734 603 803 qui
627 735 848 786 aderant
869 742 1069 804 praeter
1093 753 1218 787 suos
1243 735 1340 804 qui
1375 753 1556 787 secum
1587 734 1682 786 illo
1706 743 1961 788 venerant
1983 737 2271 790 consilium·
2349 736 2362 768 Γ

505 819 609 871 sibi
658 820 739 872 vel
791 820 1061 871 auxilium
1108 820 1450 889 praestiturus
1489 819 1820 889 procederet.
1898 820 2076 877 Nemo
2117 822 2264 880 enim

504 904 747 956 omnium
771 904 963 956 timore
990 904 1194 956 domini
1218 904 1361 973 regis
1388 911 1443 956 et
1467 904 1852 974 archiepiscopi
1872 904 1928 957 et
1952 905 2174 964 Ricardi
2196 907 2264 959 de

503 989 643 1047 Luci
667 1008 848 1041 secum
875 997 1012 1041 stare
1037 988 1400 1058 praesumpsit,
1428 988 1643 1057 cognito
1670 989 1816 1058 quod
1842 1007 1932 1041 eos
1957 1008 2263 1042 causacon-

502 1074 755 1143 tingeret.
831 1073 1040 1126 Aderat
1071 1073 1182 1126 illic
1215 1073 1357 1125 inter
1381 1081 1602 1125 caeteros
1626 1073 1880 1142 magister
1903 1073 2262 1128 Walerannus

503 1158 812 1211 Baiocensis
837 1158 1256 1222 archidiaconuS,
1285 1158 1626 1227 postmodum
1652 1157 1922 1211 Roffensis
1939 1158 2259 1229 episcopus,¹

500 1244 598 1313 qui
642 1252 773 1304 tunc
816 1243 1072 1312 temporis
1107 1231 1481 1294 Cantuariensi
1520 1241 1919 1312 archiepiscopo
1964 1244 2258 1307 adhaerenS‚

225 1336 467 1378 Walerannus,
497 1328 609 1380 illic
651 1327 970 1381 collateralis
986 1330 991 1334 ’
1009 1327 1251 1396 magistri
1278 1326 1509 1378 Gerardi
1535 1326 1744 1378 Puellae
1783 1327 2069 1381 residebat.
2146 1328 2258 1381 Hic

220 1378 445 1461 ἓῖῗδᾞῗυεὲῗ
497 1414 749 1466 abbatem
788 1412 1006 1464 intuens
1050 1411 1109 1462 in
1152 1411 1415 1479 angustiis
1457 1411 1715 1480 positum,
1758 1419 1814 1463 et
1849 1412 2030 1465 divino
2055 1421 2120 1465 ut
2144 1432 2256 1466 crea

219 1462 318 1545 ἓξὲξ
338 1463 392 1495 hm
496 1499 645 1552 ditur
691 1497 955 1551 instinctu
1002 1495 1205 1566 pietate
1254 1504 1451 1559 motuS,
1497 1514 1781 1548 conversus
1831 1497 1899 1549 ad
1939 1497 2255 1566 magistrum

495 1583 800 1636 Gerardum
823 1601 836 1634 ε
874 1585 913 1611 “
931 1579 1248 1650 Magister,”
1268 1580 1469 1649 inquit,
1499 1584 1535 1608 “
1559 1581 1821 1644 Gerarde,
1850 1581 1924 1634 sic
1951 1601 2134 1635 omnes
2159 1583 2253 1636 ab-‘

489 1669 673 1722 batem
698 1668 763 1720 de
791 1666 948 1720 Bello
973 1666 1276 1718 desolatum
1309 1665 1721 1734 relinquemus?
1796 1665 1904 1718 Dei
1945 1667 2128 1720 odium
2166 1667 2252 1721 in-

488 1762 686 1818 currat,
722 1752 819 1822 qui
860 1751 911 1803 ei
940 1751 999 1803 in
1031 1750 1131 1803 hac
1164 1750 1482 1803 necessitate
1520 1750 1746 1804 deerit.”
1822 1750 2170 1823 Surgensque
2196 1761 2252 1805 et

487 1839 805 1908 magistrum
844 1837 1152 1889 Gerardum
1189 1835 1359 1887 amica
1394 1834 1654 1888 violentia
1685 1854 1850 1888 manu
1884 1836 2086 1907 injecta
2126 1846 2251 1907 post

485 1929 546 1977 se'
567 1924 801 1987 trahenS,
842 1925 877 1951 “
904 1920 1160 1984 EamUS,”
1186 1920 1387 1989 inquit,
1416 1923 1452 1949 “
1480 1927 1536 1971 et
1560 1921 1768 1973 abbatis
1794 1921 2103 1974 assistentes
2122 1941 2249 1976 con-

482 2010 625 2073 silio,
678 2009 729 2060 ei
778 2008 837 2060 in
885 2025 1047 2059 causa
1090 2025 1187 2058 sua
1235 2005 1667 2058 subveniamus.”
1756 2005 2123 2060 Venientibus
2174 2026 2247 2060 ex

479 2096 753 2165 insperato
790 2093 1052 2144 ambobus
1090 2091 1156 2142 ad
1193 2090 1403 2143 abbatis
1441 2089 1742 2154 consilium,
1782 2091 1946 2143 abbas
1979 2093 2092 2162 jam
2132 2101 2246 2144 erat

478 2178 855 2249 animaequior,
883 2184 939 2229 et
964 2177 1029 2228 de
1057 2195 1216 2228 causa
1240 2194 1338 2228 sua
1356 2175 1609 2227 securior.
1688 2175 1816 2227 Non
1832 2176 1926 2228 diu
1950 2178 2244 2245 protractO,

478 2267 573 2319 sed
620 2270 890 2316 maturato
944 2262 1310 2332 expeditoque
1360 2260 1600 2323 consilio,
1656 2261 1886 2312 redeunt
1932 2261 2135 2330 pariter
2175 2261 2245 2314 ad

471 2351 720 2422 judicum
735 2364 1062 2410 consessum,
1084 2346 1181 2398 ubi
1202 2346 1454 2414 magister
1466 2345 1762 2410 GerarduS,
1777 2353 1967 2414 agente
1983 2346 2243 2415 magistro

476 2436 824 2498 Waleranno,
864 2433 1028 2485 immo
1069 2430 1190 2483 Deo
1236 2430 1574 2499 disponente,
1618 2430 1913 2499 procedens
1949 2430 2007 2482 in
2042 2431 2262 2501 spiritu'

475 2519 832 2583 fortitudinis,
857 2537 967 2570 non
986 2535 1169 2586 regem
1195 2515 1417 2578 verituS,
1444 2533 1554 2567 non
1579 2514 2041 2585 archiepiscopum
2067 2516 2239 2568 domi-

475 2624 607 2658 num
632 2623 807 2668 suum,
848 2621 957 2654 non
993 2600 1281 2672 principeS,
1323 2618 1432 2651 non
1459 2599 1736 2668 quoslibet
1762 2618 1949 2652 eorum
1974 2599 2243 2665 fautores,

472 2689 642 2741 libera
666 2707 794 2740 voce
831 2687 1003 2757 coepit
1039 2686 1098 2737 in
1139 2685 1283 2737 hunc
1323 2685 1543 2737 modum
1585 2704 1684 2755 pro
1728 2685 1922 2737 abbate
1968 2685 2231 2755 allegare:

202 2784 331 2816 Gerard
349 2786 412 2817 Pu·
475 2778 512 2803 “
538 2773 694 2826 Sicut
748 2771 861 2836 ea,”
898 2771 1098 2839 inquit,
1140 2774 1175 2799 “
1205 2786 1328 2839 quae
1377 2770 1629 2822 canonice
1681 2779 1808 2822 sunt
1856 2769 2123 2835 inchoata,
2170 2779 2235 2824 ut

199 2830 440 2905 ῗιῗιὲῗεῗὲιῗξῧ.
474 2857 862 2928 perfectionem
908 2856 1193 2908 obtineant
1231 2863 1358 2906 sunt
1395 2854 1774 2923 promovenda,
1821 2854 1896 2906 sic
1938 2873 2062 2924 quae
2109 2874 2234 2908 con-

472 2952 554 2996 tra
587 2943 727 3013 juris
777 2940 1020 2993 ordinem
1063 2958 1344 3009 perperam
1387 2947 1515 2990 sunt
1550 2947 1887 3009 attemptata,
1922 2939 1981 2991 in
2016 2940 2242 2993 irritum»

468 3036 595 3081 sunt
647 3026 956 3089 revocanda,
1005 3032 1101 3077 aut
1140 3024 1198 3075 in
1242 3031 1444 3075 statum
1486 3023 1761 3074 meliorem
1788 3023 2229 3078 transformanda.

470 3112 785 3182 Allegatum
820 3119 902 3163 est
921 3129 952 3162 a
975 3117 1128 3180 parte
1155 3109 1390 3171 adversa,
1429 3108 1575 3176 quod
1600 3108 1923 3160 monasterio
1949 3108 2093 3160 Belli
2109 3129 2229 3179 pas-

468 3207 583 3250 tore
611 3198 817 3260 orbat0,
857 3195 1025 3247 totius
1066 3193 1376 3245 monasterii
1420 3191 1701 3262 dispositio
1727 3192 1784 3243 in
1809 3211 1997 3245 manus
2025 3194 2227 3246 domini

466 3284 607 3353 regis
658 3281 949 3344 devenerit,
995 3287 1273 3331 vacantem
1317 3278 1539 3330 interim
1588 3277 1864 3330 ecclesiam
1914 3279 1981 3331 de
2021 3278 2118 3331 Wi
2167 3279 2226 3331 in

525 3462 537 3487 ¹
571 3461 641 3503 He
662 3476 747 3503 was
784 3459 992 3502 domestic
1029 3457 1225 3515 chaplain
1256 3457 1305 3500 of
1385 3456 1699 3502 disinterested.
1762 3459 1828 3499 He
1864 3472 1952 3500 was
1984 3457 2148 3501 elected
2177 3465 2222 3501 to

465 3518 653 3562 Riehard
670 3518 940 3574 Archbishop
954 3516 1002 3559 of
1018 3515 1298 3572 Canterbury,
1386 3515 1620 3558 Rochester
1655 3515 1700 3558 in
1745 3518 1870 3570 1182,
1908 3515 1991 3558 and
2033 3515 2133 3559 died
2176 3516 2220 3559 in

464 3577 605 3620 which
626 3577 772 3619 makes
793 3576 862 3619 his
893 3575 1107 3631 advocacy
1128 3589 1182 3616 on
1213 3573 1299 3616 this
1388 3575 1513 3616 1184.
1575 3573 1654 3616 See
1691 3573 1943 3616 Wharton's
1980 3574 2094 3632 Ang.
2125 3574 2223 3621 Sac-

464 3634 660 3679 occasion
699 3635 772 3678 the
812 3648 930 3677 more
968 3646 1175 3691 generous
1216 3631 1299 3675 and
1386 3646 1413 3675 1.
1437 3634 1553 3684 3463
1585 3631 1781 3687 Godwin,
1804 3646 1845 3690 p.
1869 3634 1967 3676 523.
