2398 4152
483 452 552 503 92
991 460 1276 502 HISTORIA
1314 459 1726 502 FUNDATIONIS

476 586 739 656 regalium
782 585 1129 638 auctoritates
1176 585 1390 638 mihi-xa
1438 584 1560 637 Deo
1609 603 1897 648 concessa&
1942 582 2234 637 calliditate

477 681 668 740 arguta
691 671 794 723 niti
818 671 1153 741 praecogitas.
1230 670 1392 723 Unde
1419 670 1519 723 tibi
1543 670 1648 722 fide
1670 677 1726 721 et
1749 678 2075 722 sacramento
2099 667 2234 721 mihi

477 756 697 808 astricto
723 756 999 826 praecipio,
1023 756 1278 825 quatinus
1305 756 1370 807 de
1389 755 1565 807 verbis
1579 754 2005 824 praesumptoriis
2021 770 2232 806 coronae

475 849 532 892 et
552 839 803 909 dignitati
819 841 983 909 regiae
1000 839 1279 892 contrariis
1297 839 1547 909 aequitati
1562 839 1902 891 rectitudinis
1922 839 2198 909 subjaceas
2214 860 2230 903 3

473 934 769 996 praesentes
793 945 918 979 vero
957 924 1381 994 archiepiscopos
1419 923 1624 976 scilicet
1661 932 1722 976 et·
1755 923 2032 993 episcopos
2065 930 2130 974 ut
2165 922 2231 975 de

474 1019 527 1062 te
547 1011 818 1081 justitiam
842 1010 976 1062 mihi
1000 1009 1342 1063 rectitudinis
1366 1009 1697 1079 impendant,
1734 1008 1877 1060 salvo
1906 1009 2030 1079 jure
2065 995 2231 1077 regiae

474 1113 683 1148 coronae
719 1096 853 1148 mihi
879 1115 910 1148 a
934 1114 1140 1148 summa
1163 1096 1440 1165 majestate
1472 1110 1754 1157 concessae,
1781 1093 2018 1146 obsecro,
2095 1090 2232 1161 Agis

473 1182 617 1233 enim
642 1190 705 1234 ut
728 1190 880 1251 patet
905 1189 1090 1234 contra
1111 1180 1400 1250 dignitates
1424 1179 1646 1248 regales,
1673 1188 1837 1247 atque
1863 1178 2140 1230 libertates
2163 1177 2230 1229 ab

471 1267 813 1336 antiquitatis
844 1268 969 1337 jure
1002 1266 1137 1318 mihi
1163 1284 1436 1318 concessas
1461 1284 1493 1317 a
1516 1266 1795 1335 majestate
1821 1264 1989 1333 regali
2015 1263 2228 1315 demere

471 1350 761 1404 elaboraS.”
836 1351 1120 1403 Murmure
1163 1350 1349 1419 itaque
1388 1350 1446 1402 in
1465 1349 1669 1421 populo
1705 1356 1892 1401 contra
1917 1347 2228 1418 episcopum

471 1437 754 1501 concitato,
799 1437 896 1488 vix
929 1435 1102 1488 sedari
1127 1435 1327 1506 potuit.

200 1539 353 1572 Thomas
365 1541 425 1574 the
541 1520 695 1573 Tunc
723 1520 1095 1574 cancellarius:
1127 1523 1162 1548 “
1177 1520 1345 1572 Haud
1363 1518 1585 1588 dignum
1601 1526 1683 1571 est
1707 1538 1739 1571 a
1762 1518 1932 1571 cordis
1946 1518 2110 1571 vestri
2132 1537 2226 1570 ex-

198 1582 414 1616 Chmeuoe'
468 1605 656 1658 cidisse
682 1606 954 1670 memoria,
982 1604 1184 1675 praesul
1208 1604 1523 1668 venerande,
1552 1605 1706 1674 cujus
1723 1603 2100 1669 excellentiam
2137 1642 2152 1655 .
2212 1643 2226 1656 .

467 1729 481 1744 .
558 1731 572 1744 .
616 1690 900 1762 [pecca]tis
931 1691 1075 1743 enim
1109 1691 1167 1742 in
1193 1690 1469 1742 dominum
1494 1697 1738 1741 nostrum
1761 1708 1958 1757 regem,
1987 1689 2076 1741 cui
2100 1688 2227 1741 fidei

464 1786 955 1830 sacramentumvos
979 1777 1167 1828 fecisse
1186 1775 1324 1828 nulli
1349 1775 1576 1827 dubium
1602 1784 1700 1829 est.
1741 1774 1902 1827 Unde
1920 1774 2225 1844 prudentiae

193 1874 410 1950 'clgfftffigsp
462 1871 653 1915 vestrae
672 1863 1063 1932 providendum
1089 1861 1221 1914 est.”
1285 1861 1589 1931 Episcopus
1612 1861 1799 1913 videns
1819 1879 1874 1913 se
1890 1860 1956 1912 ab
1978 1860 2224 1912 omnibus

377 1939 387 1951 ⁸
460 1949 739 2018 majestate
783 1948 933 2017 regia
959 1948 1161 2000 offensa
1200 1946 1645 2010 circumventum,
1691 1946 1907 1998 tandem
1949 1964 2222 1997 murmure

458 2034 663 2098 sedam,
691 2033 987 2085 orationem
1013 2051 1163 2083 suam
1185 2032 1288 2083 hoc
1312 2031 1471 2083 modo
1497 2031 1846 2101 prosequitur
1868 2051 1880 2084 τ
1929 2033 1965 2059 “
1986 2030 2221 2083 Domine

459 2119 553 2183 mi,
581 2119 626 2171 si
653 2118 787 2188 quid
811 2137 883 2170 ex
909 2136 998 2170 ore
1023 2137 1144 2169 meo
1163 2125 1355 2190 vestrae
1381 2117 1550 2186 regali
1573 2116 2011 2185 intempestivum
2031 2117 2222 2187 majes-

460 2204 560 2256 tati
585 2212 794 2256 constat
816 2204 930 2256 fore
955 2203 1243 2272 prolatum,
1272 2202 1453 2254 Deum
1479 2202 1603 2254 coeli
1627 2210 1964 2272 vestramque
1987 2201 2219 2269 regalem

460 2297 627 2340 testor
653 2288 987 2357 dignitatem,
1015 2287 1093 2339 nil
1114 2306 1198 2339 me
1226 2295 1412 2339 contra
1434 2305 1526 2339 vos
1552 2286 1636 2338 vel
1662 2294 1846 2338 contra
1879 2294 2070 2338 vestrae
2103 2286 2220 2356 dig-

457 2373 645 2425 nitatis
690 2371 1068 2424 excellentiam
1117 2380 1330 2424 versuta
1379 2371 1670 2424 calliditate
1719 2370 2021 2440 protulisse.
2095 2371 2218 2441 Ego

458 2458 601 2510 enim
635 2466 865 2510 vestram
898 2457 1218 2509 omnimodis
1260 2456 1558 2527 praeoptavi
1597 2456 1995 2526 paternitatem,
2039 2457 2217 2510 extuli

457 2543 852 2607 excellentiam,
910 2543 1245 2611 magnificavi
1303 2543 1638 2612 dignitatem,
1686 2560 1779 2594 vos
1828 2551 1892 2594 ut
1941 2543 2235 2595 dominum‘

456 2628 792 2696 praecordiali
828 2628 1025 2680 affectu
1069 2647 1277 2697 semper
1312 2626 1483 2679 dilexi
1508 2626 1853 2681 carissimum.
1929 2626 2086 2680 Nihil
2116 2627 2218 2697 igi-

458 2719 547 2763 tur
590 2713 647 2764 in
688 2732 773 2764 me
817 2713 945 2765 mali
971 2721 1148 2765 vestra
1187 2732 1318 2782 rogo
1361 2712 1554 2782 regalis
1594 2712 1855 2764 celsitudo
1895 2713 2214 2782 suspicetur,

456 2816 633 2867 neque
667 2797 769 2849 hoc
804 2798 1111 2866 suggerenti
1145 2798 1397 2868 cuiquam
1421 2798 1577 2850 facile
1613 2798 1810 2849 credat.
1887 2797 1985 2850 Nil
2013 2798 2159 2850 enim
2183 2818 2216 2851 a

457 2891 632 2934 vestra
673 2890 938 2952 potestate
981 2882 1155 2934 minui
1194 2883 1372 2952 cupio,
1406 2901 1567 2952 quam
1607 2901 1817 2952 semper
1851 2890 1907 2934 et
1941 2883 2128 2947 dilexi,
2156 2893 2213 2936 et

457 2986 555 3037 pro
573 2967 775 3020 viribus
799 2967 931 3019 meis
956 2967 1306 3036 magnificavi.
1383 2967 1474 3019 Ad
1498 2967 1755 3019 honorem
1778 2967 1945 3036 igitur
1965 2977 2021 3020 et
2050 2969 2212 3022 decus

186 3059 408 3143 ffelffiylfing’s
457 3062 648 3105 vestrae
674 3053 1005 3105 celsitudinis
1031 3053 1208 3104 omnia
1240 3051 1495 3122 protuli.”
1535 3051 1626 3103 Ad
1648 3051 1764 3103 haec
1779 3071 1909 3105 rex:
1956 3056 1990 3080 “
2009 3053 2209 3107 Procul

456 3138 542 3190 hic
567 3137 790 3202 honor‚”
828 3138 1027 3207 inquit,
1070 3141 1104 3165 “
1132 3146 1294 3207 atque
1321 3138 1481 3189 decus
1505 3136 1606 3188 hoc
1638 3155 1669 3188 a
1700 3137 1855 3188 nobis
1882 3145 1937 3189 et
1961 3157 1992 3189 a
2015 3139 2212 3192 nostris

455 3232 818 3287 amoveantur,
861 3223 1087 3292 haecque
1131 3221 1570 3291 prophanationis
1612 3222 1998 3292 propulsentur
2040 3225 2209 3277 aboli-

456 3307 619 3371 tione,
660 3307 858 3377 quibus
889 3326 952 3359 ea
987 3323 1111 3377 quae
1152 3315 1548 3359 antecessorum
1581 3325 1823 3358 meorum
1862 3326 2049 3376 regum
2084 3328 2207 3362 auc-

455 3392 673 3444 toritate
717 3400 773 3443 et
814 3391 1139 3443 hereditario
1173 3392 1316 3461 jure,
1359 3390 1467 3443 Dei
1502 3399 1822 3460 cooperante
1863 3392 2050 3460 gratia,
2078 3393 2212 3446 mihi

455 3495 700 3528 concessa
736 3485 879 3540 sunt,
907 3477 1112 3529 blandis
1150 3486 1312 3545 atque
1338 3475 1636 3539 fallacibus,
1676 3484 1738 3527 ut
1762 3476 2008 3529 omnibus
2038 3487 2207 3548 patet,

184 3574 259 3606 The
271 3573 414 3615 Bishop·
454 3562 717 3613 annullari
752 3562 902 3631 cupis
928 3560 1310 3614 sermonibUS.”
1387 3560 1541 3612 Tunc
1574 3561 1887 3630 episcopus:
1931 3565 1966 3590 “
1994 3562 2207 3628 Omnia,

456 3646 667 3698 domine
707 3647 798 3710 mi,
829 3663 951 3715 quae
977 3647 1063 3699 hic
1088 3647 1237 3699 vobis
1263 3646 1604 3698 audientibus
1648 3665 1678 3697 a
1710 3665 1796 3697 me
1823 3647 2058 3700 studiose
2085 3667 2207 3718 pro-
