2398 4152
492 402 597 456 186
1199 419 1530 460 APPENDIX.

625 785 919 821 EXTRACTS
958 785 1028 821 OF
1067 785 1367 821 CHARTERS
1405 785 1526 820 AND
1567 785 1912 822 DOCUMENTS
1953 788 2111 824 FROM

942 869 1059 906 THE
1098 869 1430 905 REGISTRUM
1469 869 1545 905 DE
1585 870 1783 907 BELLO.

1033 977 1164 1020 From
1183 975 1260 1019 the
1281 991 1399 1020 same
1420 976 1517 1021 MS.
1539 991 1583 1035 p.
1606 979 1679 1020 36.

1304 1107 1348 1158 Ι.

494 1219 863 1287 Οοηῇνφηατίοπ
888 1220 950 1286 os
972 1237 1006 1270 a
1050 1219 1286 1288 Corrady
1320 1237 1378 1270 or
1409 1219 1739 1281 Exhibitz'on,
1779 1220 1835 1270 in
1870 1218 1953 1269 the
1981 1216 2155 1288 Abbegq
2185 1222 2249 1287 of

556 1303 761 1366 Ratae,
783 1311 834 1354 to
860 1301 1066 1355 Alanus
1090 1304 1153 1355 de
1177 1304 1430 1367 Meltone,
1465 1303 1828 1356 Chamberlain
1853 1304 1916 1370 of
1935 1303 2015 1354 the
2038 1304 2238 1372 Bishop

552 1388 612 1454 of
631 1388 942 1451 Chichester‚
971 1407 1034 1439 on
1055 1395 1303 1458 payment
1325 1390 1388 1455 of
1407 1389 1509 1441 100
1533 1388 1728 1440 Marks
1739 1389 1884 1455 from
1911 1388 1994 1439 the
2018 1389 2236 1457 Bz'skop.

554 1473 931 1543 —Reyistrum
954 1473 1017 1524 de
1042 1472 1214 1535 Bello,
1243 1489 1280 1524 Ι.
1312 1473 1430 1525 109.

557 1596 833 1650 Universis
871 1596 939 1648 ad.
973 1614 1108 1666 quos
1147 1603 1438 1666 praesentes
1477 1595 1675 1648 litterae
1724 1597 2082 1666 pervenerint,
2137 1598 2235 1652 &m

483 1681 517 1733 J
520 1701 715 1734 oannes
741 1681 850 1733 Dei
885 1681 1058 1750 gratia
1099 1682 1260 1733 abbas
1300 1682 1366 1733 de
1405 1681 1562 1734 Bello
1596 1689 1650 1734 et
1693 1682 1934 1751 ejusdem
1971 1682 2076 1735 loci
2113 1702 2238 1736 con-

480 1774 672 1819 ventus
698 1766 939 1819 salutem.

556 1851 786 1904 Noverit
840 1851 1157 1904 universitas
1195 1858 1370 1903 vestra
1420 1869 1518 1902 nos
1568 1851 1833 1920 recepisse
1871 1871 1903 1904 a
1943 1853 2237 1906 venerabili

480 1945 631 2006 patre
668 1937 884 1989 domino
912 1937 985 1989 Gr.
1014 1936 1122 1988 Dei
1156 1936 1328 2006 gratia
1356 1934 1632 1988 Cicestriae
1660 1936 1930 2006 episcop0,
1960 1954 2010 1991 e.
2036 1957 2237 1991 marcas

481 2022 722 2090 sterling.
760 2041 858 2092 pro
903 2022 1136 2091 quodam
1175 2021 1413 2074 corradio
1452 2021 1560 2073 sive
1601 2021 1920 2073 liberatione
1972 2023 2237 2091 assignata

480 2106 659 2159 Alano
686 2108 751 2159 de
778 2106 1044 2171 Meltone,
1073 2106 1360 2159 camerario
1381 2125 1495 2170 su0,
1527 2105 1631 2175 [in]
1661 2106 1819 2158 domo
1843 2114 2056 2172 nostra3
2093 2108 2235 2161 sicut

479 2192 538 2244 in
562 2201 707 2244 carta
730 2199 913 2244 nostra
932 2211 1094 2261 quam
1119 2191 1292 2244 eidem
1318 2190 1496 2244 Alano
1523 2210 1684 2260 super
1715 2191 1817 2243 hoc
1842 2192 2087 2257 fecimuS,
2119 2194 2236 2263 ple-

476 2277 600 2330 nius
626 2277 948 2331 continetur.
1014 2276 1100 2329 De
1128 2297 1234 2347 qua
1256 2277 1486 2348 pecunia
1509 2277 1664 2329 nobis
1689 2295 1801 2328 esse
1820 2277 2058 2347 plenarie
2083 2279 2237 2331 satis-

477 2362 679 2415 factum
704 2370 889 2415 tenore
914 2363 1264 2432 praesentium
1290 2362 1624 2414 confitemur.
1703 2360 1771 2412 In
1803 2362 1957 2431 cujus
1981 2363 2060 2414 rei
2086 2363 2234 2416 testi—

477 2447 720 2500 monium
753 2447 993 2516 sigillum
1027 2456 1272 2500 nostrum
1304 2447 1502 2517 apponi
1535 2446 1761 2499 fecimus
1790 2446 1917 2498 huic
1942 2447 2162 2517 scripto·-

550 2532 679 2585 Dat.
713 2533 771 2584 in
806 2533 963 2584 domo
996 2542 1178 2586 nostra
1214 2532 1389 2602 pridie
1419 2531 1541 2584 idus
1583 2531 1618 2583 J
1620 2550 1802 2583 anuar.
1835 2550 1974 2583 anno
2010 2531 2234 2586 Domini
2331 2554 2334 2559 ·

483 2617 636 2670 1300.

1311 2686 1390 2738 ΙΙ.

587 2800 764 2851 Terms
790 2801 852 2867 of
869 2801 952 2851 the
978 2801 1596 2868 Pension.—-Re9istrum
1622 2801 1685 2852 de
1710 2801 1881 2865 Bello,
1910 2818 1948 2855 1.
1982 2802 2101 2855 109.

549 2910 816 2963 Omnibus
862 2910 1063 2962 Christi
1102 2909 1353 2961 fidelibus
1403 2909 1470 2961 ad
1514 2928 1649 2977 quos
1691 2928 1926 2978 praesens
1971 2910 2230 2980 scriptum
2374 2894 2383 2962 ,ἶ

474 2996 794 3066 pervenerit,
822 2995 855 3047 J
859 2994 1094 3047 ohannes
1121 2993 1228 3045 Dei
1257 2993 1429 3062 gratia
1452 2994 1614 3045 abbas
1639 2994 1705 3045 de
1733 2994 1888 3045 Bello
1915 3003 1970 3046 et
1991 2997 2230 3065 ejusdem
2318 2999 2322 3008 ⁵

473 3081 578 3133 loci
605 3089 916 3143 conventus,
945 3079 1173 3132 salutem
1199 3079 1257 3129 in
1283 3077 1521 3129 Domino
1547 3078 1940 3147 sempiternam.
2319 3067 2322 3070 ⁴

548 3165 779 3217 Noverit
802 3164 1118 3217 universitas
1142 3170 1317 3215 vestra
1341 3180 1437 3214 nos
1454 3161 1770 3214 concessisse
1796 3162 1973 3215 Alano
1995 3164 2060 3216 de
2087 3162 2230 3217 Mel·
2323 3192 2325 3194 ·

474 3249 639 3302 thone
683 3248 970 3302 camerario
1008 3246 1329 3300 venerabilis
1367 3246 1534 3316 patris
1572 3245 1797 3298 Domini
1842 3246 2081 3301 Gilberti
2119 3249 2228 3302 Dei
2310 3295 2311 3298 ,

475 3337 649 3403 gratia
688 3333 963 3386 Cicestriae
1005 3332 1261 3403 episcopi,
1303 3331 1527 3401 singulis
1565 3331 1754 3383 diebus
1793 3333 1969 3401 quoad
2012 3334 2231 3400 vixerit,
2303 3347 2306 3350 ’

474 3421 607 3471 duos
632 3419 952 3489 symenellos
983 3418 1200 3489 majoris
1233 3416 1501 3487 ponderis,
1529 3435 1699 3469 unum
1722 3416 1968 3485 galonem
1993 3426 2048 3470 et
2072 3419 2229 3472 dimi·
2308 3439 2312 3446 *

475 3505 624 3556 (lium
653 3504 886 3556 cervisiae
912 3511 1222 3566 conventUS,
1250 3522 1418 3555 unum
1444 3502 1708 3555 ferculum
1731 3510 1787 3554 et
1811 3502 2092 3555 dimidium
2118 3512 2229 3556 tam
2320 3491 2321 3494 ¹

473 3589 661 3641 diebus
697 3590 933 3642 carnium
969 3607 1129 3657 quam
1155 3588 1402 3658 piscium,
1442 3588 1581 3641 sicut
1614 3587 1782 3640 libera
1819 3587 2023 3640 familia
2045 3596 2227 3643 nostra
2305 3599 2314 3642 τὲ
2353 3630 2359 3655 ⁴·
