2398 4152
700 450 1063 492 MONASTERII
1106 450 1184 490 DE
1221 450 1424 490 BELLo.
1832 437 1931 486 145

202 573 341 625 rium
364 574 508 628 beati
534 574 755 628 Thomae
780 594 908 627 mox
932 575 1071 630 inter
1097 575 1272 644 ipsum
1298 582 1353 624 et
1377 571 1549 624 filium
1587 572 1702 641 ejus
1728 572 1793 624 de
1829 589 1934 640 qua

204 656 439 709 diximus
489 658 829 723 dissensione,
881 678 951 711 ex
998 658 1168 710 multa
1222 657 1359 709 circa
1415 656 1518 708 alia
1567 655 1931 724 occupatione,

198 740 390 792 minori
437 741 573 794 circa
619 742 861 794 ecclesias
900 743 1152 794 utebatur
1202 739 1580 792 sollicitudine.
1657 738 1762 791 His
1805 738 1934 790 licet

199 823 590 892 aliquantulum
626 826 903 879 videantur
936 827 1001 877 ab
1046 844 1120 888 re,
1166 843 1273 876 non
1311 834 1487 875 tamen
1527 823 1613 874 hic
1639 823 1750 874 sine
1777 840 1934 874 causa

200 906 432 961 breviter
478 909 706 972 insertis,
758 910 956 979 quippe
1006 926 1128 960 cum
1178 908 1424 976 quaedam
1473 907 1813 976 sequentium
1861 925 1933 958 ex

198 988 326 1058 ipsis
349 991 578 1044 habeant
614 993 862 1062 pendere,
889 995 1001 1063 jam
1024 1010 1164 1044 nunc
1190 991 1255 1041 ad
1281 991 1649 1057 exequendam
1673 990 1930 1058 propositi

200 1075 368 1126 nostri
394 1076 584 1128 seriem
607 1085 949 1128 revertamur.

274 1157 435 1211 Anno
460 1160 831 1212 incarnationis
850 1159 1019 1213 Verbi
1046 1160 1154 1211 Dei
1186 1160 1466 1212 millesimo
1492 1158 1780 1209 centesimo
1814 1176 1930 1226 sep-
1953 1184 2039 1208 Μ).
2059 1180 2155 1213 1175.

1952 1217 2116 1248 Proceeds
2130 1220 2166 1249 to

200 1243 490 1310 tuagesimo
516 1244 722 1312 quinto,
749 1243 898 1312 regni
922 1263 1046 1295 vero
1073 1244 1272 1295 domini
1297 1243 1435 1311 regis
1463 1241 1687 1293 Henrici
1712 1242 1930 1293 secundi
1950 1258 2186 1331 ξοιὲιιέξὶἑὲιὲω

198 1344 336 1378 anno
359 1327 606 1379 vicesimo
650 1328 840 1397 primo,
880 1328 1151 1379 ordinatus
1187 1336 1248 1379 ut
1281 1328 1392 1396 jam
1430 1325 1632 1376 dictum
1658 1333 1756 1388 est,
1795 1333 1849 1375 et
1873 1343 1928 1375 1n
1948 1340 2197 1413 {uffiffffihich

198 1410 320 1461 sede
346 1429 439 1462 sua
463 1411 799 1464 confirmatus
818 1411 896 1463 vir
909 1412 1221 1463 venerabilis
1248 1410 1508 1463 Ricardus
1536 1408 1927 1459 Cantuariens1s
1947 1422 2201 1504 effagffi‘iss'ssg

196 1494 636 1564 archiepiscopus,
677 1496 911 1564 singulos
954 1496 1226 1564 episcopos
1266 1494 1359 1563 qui
1403 1493 1617 1544 sedibus
1653 1492 1928 1561 pontifica-
1949 1504 2108 1578 ξξίἷξξϊε

197 1578 337 1631 libus
364 1590 580 1631 eatenus
604 1580 913 1631 vacantibus
938 1578 1289 1648 praesiderent
1314 1576 1593 1638 ordinavit,
1622 1576 1781 1645 paulo
1807 1585 1929 1627 ante

198 1662 408 1715 electos·
483 1663 772 1715 Ordinatus
806 1672 887 1714 est
920 1673 1046 1714 tunc
1073 1662 1324 1730 temporis
1352 1660 1587 1712 ecclesiae
1612 1659 1930 1711 Cicestrensi

195 1746 473 1815 episcopus
522 1747 693 1799 beatae
736 1746 1112 1798 recordationis
1137 1744 1435 1808 Johannes,¹
1483 1744 1650 1812 ipsius
1694 1743 1928 1794 ecclesiae

196 1829 441 1893 decanus,
479 1829 706 1899 Hylario
746 1830 991 1898 episcopo
1035 1831 1188 1898 cujus
1222 1829 1467 1898 superius
1500 1829 1751 1896 frequens
1793 1827 1933 1878 facta

194 1921 275 1964 est
298 1913 498 1965 mentio
521 1914 646 1965 huic
669 1913 794 1965 vitae
821 1913 1026 1982 pridem
1062 1914 1374 1974 subtracto,52
1398 1913 1524 1963 dum
1548 1912 1720 1962 adhuc
1744 1912 1934 1963 beatus

195 2006 394 2065 martyr
420 1996 650 2048 Thomas
675 2006 812 2048 esset
844 1997 900 2047 in
927 1996 1109 2048 exilio.
1188 1994 1577 2047 Consummatis
1611 1995 1794 2063 itaque
1822 2013 1933 2045 om-

195 2081 352 2133 nibus
391 2097 514 2150 quae
551 2080 689 2132 circa
731 2080 1048 2150 pontificum
1089 2079 1473 2132 ordinationem
1511 2078 1750 2129 facienda
1792 2078 1933 2129 vide-

196 2167 407 2231 bantur,
442 2185 596 2235 agere
624 2173 905 2235 coeperunt
930 2173 1037 2216 tam
1061 2183 1160 2216 rex
1186 2183 1345 2233 quam
1370 2164 1482 2232 ipse
1508 2163 1932 2232 archiepiscopus

194 2267 353 2318 super
401 2250 655 2319 eligendis
705 2249 1142 2300 monasteriorum
1190 2248 1425 2317 praelatis
1470 2255 1525 2298 et
1567 2247 1928 2298 instituendis·

197 2333 703 2401 Communicatoque
756 2332 983 2384 invicem
1039 2332 1260 2384 consilio
1313 2331 1613 2383 vacantium
1664 2340 1928 2381 monaste-

191 2418 391 2469 riorum
415 2417 753 2469 uniformiter
777 2417 1114 2468 scribendum
1138 2417 1484 2467 decreverunt
1509 2413 1929 2481 congregationi·

193 2501 311 2563 bus,
354 2500 605 2568 quatinus
648 2500 843 2567 singuli
882 2499 1211 2567 singulorum
1235 2498 1671 2550 monasteriorum
1706 2497 1926 2566 priores,

191 2584 400 2636 sociatis
437 2584 539 2636 sibi
563 2583 682 2634 iiii0¹
705 2593 799 2635 aut
825 2583 1062 2652 quinque
1088 2582 1554 2651 congregationum
1581 2599 1795 2632 suarum
1821 2581 1927 2632 sra-

192 2668 381 2731 tribus,
431 2687 485 2719 se
530 2686 712 2719 eorum
761 2667 1130 2736 conspectibus
1179 2667 1323 2735 apud
1370 2665 1726 2717 Wedestoche
1781 2667 1925 2718 omni

192 2751 461 2803 occasione
499 2750 798 2820 postposita
835 2758 1235 2819 praesentarent,
1277 2758 1339 2800 ut
1362 2749 1472 2800 illic
1498 2750 1555 2800 in
1580 2769 1763 2801 eorum
1788 2768 1926 2819 prae-

195 2835 364 2887 sentia
381 2835 598 2886 abbates
622 2835 724 2886 sibi
740 2834 869 2903 ipsis
889 2833 1009 2885 Deo
1033 2842 1349 2902 procurante
1376 2834 1533 2901 digne
1560 2835 1926 2902 praeficiendos

165 2947 168 2950 ⁴
194 2918 497 2986 eligerent.³
568 2919 814 2973 Quorum
833 2927 895 2969 ut
920 2918 1109 2969 electio
1135 2937 1165 2969 a
1189 2927 1485 2969 remorante
1511 2918 1567 2968 in
1593 2919 1929 2970 monasteriis

192 3002 531 3053 universitate
568 3003 781 3053 omnino
817 3011 930 3053 rata
966 3002 1269 3065 haberetur,
1314 3002 1518 3052 litteras
1554 3003 1617 3053 de
1659 3002 1930 3053 communi

191 3085 407 3137 consilio
445 3095 499 3137 et
523 3105 780 3137 consensu
800 3094 1155 3137 conventuum
1186 3103 1401 3136 suorum
1438 3103 1617 3135 secum
1644 3085 1926 3139 deferrent.

193 3168 280 3220 Ad
319 3170 582 3237 agendum
605 3170 913 3239 hujusmodi
951 3169 1244 3237 negotium,
1287 3169 1393 3219 duo
1436 3186 1564 3218 mox
1600 3167 1776 3218 clerici
1803 3175 1929 3219 sunt
1950 3191 2086 3226 Among

195 3253 396 3317 directi,
415 3256 508 3322 qui
528 3254 755 3321 diversas
771 3252 1066 3321 provincias
1085 3260 1471 3320 percurrentes,
1491 3251 1928 3320 commissamque
1948 3227 2074 3301 (ιίξέιῗῖἷέ
2088 3227 2154 3300 <3¹⁸

252 3429 262 3452 ¹
294 3429 508 3472 Johannes
522 3429 574 3471 de
589 3428 835 3482 Greenford‚
854 3427 1016 3470 elected
1101 3426 1354 3483 salisbury’s
1406 3427 1769 3484 correspondents.
1850 3428 1929 3470 See

198 3486 323 3529 1173.
1100 3484 1172 3526 the
1193 3484 1338 3526 letters
1359 3484 1586 3527 addressed
1618 3493 1660 3527 to
1683 3486 1786 3539 him,
1819 3486 1929 3528 inter

248 3543 265 3566 ²
294 3543 437 3585 About
457 3543 550 3585 four
572 3558 690 3600 years
710 3543 867 3593 before,
885 3543 927 3584 in
945 3542 1016 3583 the
1103 3542 1238 3598 Epist.
1262 3541 1386 3583 Joan.
1411 3542 1619 3585 Sarisbur.

194 3614 288 3655 year
304 3603 427 3643 1169.
482 3600 549 3642 He
571 3616 654 3643 was
677 3615 754 3642 one
777 3601 823 3642 of
839 3600 952 3641 John
976 3600 1022 3641 of
1156 3600 1173 3625 ³
1203 3600 1280 3640 See
1303 3598 1468 3654 Diceto,
1489 3615 1528 3656 p.
1553 3601 1650 3643 587.

1681 3689 1711 3722 L
