2398 4152
931 325 955 350 δ

663 450 1028 493 MONASTERII
1070 452 1149 492 DE
1190 451 1396 493 BELLO.
1828 441 1891 492 91

170 569 388 621 alteram
425 569 779 623 materialem.¹
865 571 1168 640 Spiritualis
1210 573 1301 624 illa
1344 581 1440 636 est,
1483 573 1547 624 de
1573 591 1680 641 qua
1715 572 1901 625 Domi-

171 670 274 704 nus
327 658 505 704 noster
559 651 751 704 Jhesus
801 653 1043 706 Christus
1090 656 1146 706 in
1203 656 1373 725 primo
1432 665 1640 725 pastore
1701 666 1900 721 nostro,

120 742 124 743 ⁷
173 735 336 787 Petro
385 734 586 786 seilicet
626 736 884 804 apostolo,
935 738 1181 790 omnibus
1229 739 1499 808 discipulis
1546 740 1654 791 suis
1696 758 1903 791 eorum-

173 837 279 887 que
312 818 700 871 successoribus
730 820 1096 888 pronuntiavit
1125 822 1319 885 dicenS,
1359 823 1474 874 ‘Tu
1512 841 1566 874 es
1602 822 1810 887 PetruS,
1849 833 1905 875 et

175 919 334 970 super
371 901 505 953 hanc
546 909 754 970 petram
801 901 1074 953 aedificabo
1113 903 1384 955 ecclesiam
1430 904 1634 957 meam.’
1727 905 1903 967 Unde,

175 979 239 1036 ut
281 984 468 1036 caritas
509 992 682 1038 vestra
721 985 887 1049 novit,
914 985 979 1037 ab
1020 986 1257 1053 ejusdem
1294 987 1546 1054 temporis
1578 987 1811 1039 novitate
1848 989 1905 1039 in

177 1067 397 1120 ecclesia
444 1067 550 1120 Dei
597 1086 712 1120 mos
759 1068 999 1131 inolevit,
1070 1068 1322 1135 quatinus
1381 1078 1615 1136 pastores
1672 1071 1906 1122 ecclesiae

179 1160 391 1215 sanctae,
418 1152 656 1221 ejusdem
684 1152 831 1204 beati
875 1150 1234 1220 apostolorum
1269 1150 1524 1220 principis
1551 1151 1700 1203 Petri
1723 1152 1904 1204 vicarii

179 1235 487 1300 existenteS‚
515 1235 749 1287 ecclesiae
774 1234 882 1287 Dei
925 1241 1120 1285 sanctae
1160 1233 1320 1301 digna
1355 1234 1740 1300 gubernatione
1770 1253 1908 1304 prae-

179 1319 428 1371 siderent.
504 1318 650 1371 Hinc
668 1318 837 1371 ‚nobis
881 1317 1116 1369 ecclesiae
1142 1316 1247 1368 Dei
1279 1316 1690 1385 praesidentibus
1726 1318 1783 1370 in
1805 1319 1909 1371 illis

180 1403 349 1454 beatis
396 1402 647 1471 apostolis
699 1421 731 1454 a
773 1401 1006 1453 Domino
1058 1401 1224 1452 Jhesu
1288 1400 1499 1452 Christo
1559 1400 1758 1453 dictum
1811 1411 1908 1466 est,

182 1489 197 1514 ‘
216 1486 329 1540 Qui
352 1505 445 1539 vos
469 1486 637 1549 audit,
663 1504 748 1538 me
774 1484 959 1537 audit.’
1034 1483 1178 1535 Hinc
1204 1484 1400 1535 etenim
1426 1484 1644 1535 ecclesia
1671 1484 1909 1537 Romana

181 1570 417 1639 ejusdem
441 1569 799 1639 apostolorum
823 1568 1078 1638 principis
1103 1568 1401 1637 apostolatu
1424 1567 1688 1636 insignita,
1711 1577 1910 1620 tantam

179 1661 395 1722 tamque
417 1653 746 1723 magnificam
769 1672 865 1722 per
895 1653 1062 1704 totius
1096 1652 1282 1703 mundi
1316 1652 1650 1703 latitudinem
1677 1653 1912 1722 optinuit

179 1738 509 1808 principatus
535 1738 866 1805 dignitatem,
893 1744 957 1788 ut
979 1736 1167 1787 nullus.
1194 1736 1487 1804 episcopm,
1510 1736 1657 1787 nulla
1689 1755 1911 1805 persona

185 1822 538 1884 ecclesiastica
575 1822 774 1890 absque
814 1822 929 1890 ejus
976 1820 1180 1889 judicio
1222 1820 1306 1872 vel
1343 1820 1684 1889 permissione
1721 1838 1752 1870 a
1787 1821 1909 1872 sede

183 1905 537 1961 ecclesiastica
560 1905 754 1974 deponi
778 1904 995 1974 possit.”

253 1989 345 2041 Ad
367 1989 482 2041 haec
506 2007 606 2041 rex
629 1989 889 2058 protensis
922 1987 1183 2051 manibUS,
1221 1991 1255 2016 “
1275 1986 1625 2039 Verissimum
1664 1986 1794 2050 est,”
1818 1987 1911 2049 ait,

185 2075 220 2101 ‘⁶
240 2074 551 2143 episcopum
587 2092 695 2125 non
738 2091 891 2142 posse
931 2071 1142 2141 deponi,
1182 2072 1275 2122 sed
1315 2071 1407 2133 ita,
1451 2071 1691 2122 manibus
1729 2070 1912 2139 pulsus

184 2156 463 2234 protensis,
507 2156 707 2227 poterit
749 2156 1001 2225 expelli.”
1076 2155 1454 2206 Arridentibus
1487 2154 1759 2216 universis,
1804 2154 1914 2222 epi-

185 2259 375 2311 scopus
419 2242 613 2294 iterum
655 2241 728 2293 sic
768 2241 963 2310 coepit:
1026 2244 1060 2268 “
1084 2239 1236 2291 Sicut
1271 2240 1381 2308 jam
1426 2238 1540 2290 dixi
1577 2238 1771 2288 iterum
1804 2238 1914 2306 jam

183 2326 319 2389 dico,
362 2326 462 2378 hoc
505 2325 663 2377 modo
698 2333 896 2377 statum
937 2324 1171 2377 ecclesiae
1209 2324 1274 2375 ab
1319 2322 1551 2389 antiquis
1591 2321 1914 2389 temporibus

183 2411 536 2463 constitutum
572 2410 753 2462 fuisse.
852 2409 1047 2478 Neque
1092 2408 1189 2459 ulli
1227 2422 1464 2475 personae
1514 2404 1702 2466 laicali,
1752 2404 1912 2454 immo

184 2495 344 2546 etiam
384 2513 482 2546 nec
524 2494 637 2562 regi
680 2493 947 2561 cuiquam,
998 2492 1231 2544 ecclesiis
1275 2490 1592 2558 quibusque,
1632 2488 1914 2554 dignitates

185 2579 271 2630 vel
309 2578 582 2630 libertates
625 2577 1001 2629 ecclesiasticas
1042 2577 1163 2627 dare
1212 2574 1354 2637 licet,
1394 2573 1478 2624 vel
1517 2572 1581 2623 ab
1616 2571 1803 2622 iisdem
1836 2579 1915 2621 at-

187 2662 412 2713 tributas
444 2662 669 2723 easdem,
705 2660 809 2712 nisi
843 2660 1083 2729 ejusdem
1107 2658 1271 2727 patris
1308 2655 1648 2726 permissione
1687 2654 1770 2704 vel
1795 2672 1916 2705 con-

183 2746 480 2797 firmatione
513 2753 651 2797 ratas
685 2745 799 2796 fore
834 2764 942 2797 non
975 2762 1126 2814 posse
1150 2744 1268 2812 jure
1303 2742 1545 2793 Romano
1571 2738 1917 2790 ecclesiastica

187 2831 377 2899 probat
401 2829 736 2882 auctoritas.”
1937 2862 2006 2892 The
2029 2859 2123 2900 Χίης

261 2915 412 2967 Tunc
435 2932 534 2965 rex
560 2913 638 2964 ira
661 2913 994 2975 commotus,2
1022 2915 1055 2938 “
1097 2949 1109 2962 .
1177 2947 1190 2960 .
1255 2947 1268 2960 .
1334 2947 1346 2960 .
1396 2913 1576 2958 contra
1599 2903 1913 2972 dignitatum
1936 2903 2165 2983 ffirssffiy.

19 1071 41 1091 “uz
0 692 42 1053 ''51-'-³*'⁴q,¹⁴*.*ffl‘⁵⁵35'
5 671 16 675 2
4 648 6 651 ⁴
3 609 7 613 >
3 551 14 587 ”r-

244 3035 256 3060 ²
285 3035 400 3078 Here
430 3049 493 3077 we
523 3042 638 3077 trace
687 3034 760 3076 the
803 3033 1008 3089 language
1100 3031 1293 3074 Norman
1324 3029 1436 3083 oath‚
1466 3029 1528 3070 for
1550 3028 1621 3070 the
1645 3041 1765 3069 sense
1786 3025 1914 3067 ofthc

188 3092 270 3135 and
309 3094 560 3136 sentiments
592 3091 641 3134 of
678 3105 758 3133 one
787 3091 882 3132 who
925 3089 1010 3132 had
1126 3102 1270 3143 assage
1292 3088 1327 3128 is
1349 3086 1555 3142 complete
1577 3087 1666 3139 (see
1688 3082 1914 3125 Girald.de

188 3150 295 3193 been
316 3165 341 3192 a
362 3150 552 3192 canonist
573 3156 616 3191 at
638 3150 790 3190 Rome.
1097 3104 1485 3199 lustruct.p.169);
1502 3142 1646 3194 and‚in
1661 3140 1731 3182 the
1745 3139 1913 3194 second,

244 3207 262 3234 ²
291 3207 456 3250 Severa]
486 3206 635 3260 words,
663 3205 766 3248 both
798 3205 898 3246 here
928 3203 1011 3244 and
1098 3203 1214 3244 there
1250 3215 1333 3241 was
1374 3213 1490 3241 some
1530 3197 1801 3253 complimcnt
1841 3196 1914 3238 ad-

191 3264 338 3318 below,
374 3265 480 3307 have
515 3264 621 3306 been
658 3269 770 3304 most
805 3260 1010 3315 carefully
1099 3258 1269 3300 dressed
1285 3266 1328 3299 to
1349 3256 1420 3298 the
1442 3255 1573 3297 Bisho
1617 3254 1673 3310 by
1687 3254 1758 3295 the
1777 3254 1915 3295 Chan-

191 3322 336 3364 erased
365 3323 474 3364 from
508 3322 581 3364 the
614 3321 708 3362 MS.
767 3319 822 3360 So
854 3317 1013 3372 utterly
1099 3315 1240 3357 cellor.
1308 3313 1454 3355 Eithcr
1490 3327 1582 3353 wou
1602 3311 1628 3352 d
1663 3311 1715 3352 bc
1748 3310 1916 3367 equally

191 3379 396 3421 senseless
431 3394 500 3421 are
539 3378 658 3420 these
690 3389 890 3427 erasureS,
925 3374 1012 3415 that
1099 3372 1297 3413 offensive
1327 3380 1369 3412 to
1402 3368 1648 3426 puritanical
1682 3376 1805 3411 taste.
1865 3367 1916 3409 In

194 3436 214 3478 Ι
243 3444 395 3479 cannot
421 3436 520 3492 help
546 3435 742 3490 thinking
774 3433 875 3487 they
907 3431 1012 3472 have
1100 3428 1388 3471 confirmation
1413 3426 1459 3468 of
1476 3426 1559 3467 this
1580 3426 1598 3467 Ι
1621 3439 1719 3481 may
1733 3425 1916 3478 observo,

219 3493 422 3535 roceedcd
460 3493 568 3535 from
608 3507 725 3534 some
764 3488 1013 3546 puritanical
1100 3486 1191 3528 that
1214 3485 1283 3526 the
1333 3483 1446 3526 word
1486 3483 1605 3539 Papa
1636 3483 1672 3526 is
1704 3482 1918 3539 generally

190 3508 317 3594 iiand.
340 3550 564 3607 Probably,
580 3550 623 3591 in
640 3550 711 3591 the
723 3545 1011 3601 formerplaee,
1102 3542 1302 3598 carefully
1323 3541 1484 3583 blotted
1506 3548 1595 3584 out.

193 3608 265 3650 the
311 3608 427 3663 King
464 3608 549 3650 had
602 3606 705 3648 used
747 3619 861 3646 some
897 3617 1012 3658 gross
