2398 4152
445 463 515 511 50
940 468 1222 509 HISTORIA
1266 466 1677 508 FUNDATIONIS

173 618 247 650 The
259 617 373 650 Abbot
388 617 426 649 of
443 594 583 645 fama
631 594 787 660 longe
835 591 1049 659 lateque
1102 589 1581 658 percrebrescente,
1645 587 1786 638 inter
1847 588 2189 656 quamplures

171 659 415 741 ffaffiffisstiss‘
443 677 609 745 ipsius
650 675 813 726 curiae
857 674 1183 743 appetitores
1224 680 1353 723 tunc
1397 671 1653 741 temporis
1692 690 1816 740 rege
1850 672 1908 722 in
1935 672 2189 723 Paschale

169 741 299 816 ἓίἒῖἒιῖῗ
314 751 392 774 ⁰v⁸r
443 759 758 811 solennitate
809 758 953 826 apud
1001 756 1339 808 Wintoniam
1385 763 1652 817 coronato,
1717 756 1782 806 de
1832 755 2191 807 transmarinis

441 844 684 914 partibus
709 840 1034 894 venerabilis
1080 840 1306 908 Majoris
1332 839 1651 891 Monasterii
1694 840 1856 890 abbas
1881 839 2191 891 Willelmus

442 927 731 980 honorifice
772 924 1004 987 advenit,
1055 924 1190 975 hanc
1229 923 1462 975 maxime
1507 925 1575 975 ob
1618 942 1828 975 causam
1869 932 1933 975 ut
1968 942 2191 993 quoquo

442 1022 598 1082 pacto
636 1011 771 1062 hanc
816 1010 880 1061 de
923 1027 1028 1077 qua
1070 1008 1246 1076 agitur
1288 1008 1562 1060 ecclesiam
1588 1009 1652 1060 de
1682 1007 1835 1061 Bello
1861 1007 1963 1060 sibi
2006 1008 2192 1078 subJ'u—

440 1097 612 1166 gando
639 1094 927 1146 ancillaret.
1006 1092 1061 1143 Is
1087 1092 1271 1161 itaque
1297 1111 1328 1143 a
1366 1093 1513 1160 regia
1549 1101 1819 1161 gratanter
1851 1091 2192 1162 magnificen-

442 1181 519 1232 tia
561 1187 840 1247 exceptus,
898 1186 1021 1246 post
1081 1177 1193 1228 dies
1242 1178 1454 1228 tandem
1517 1178 1760 1229 solennes
1809 1177 2066 1229 adventus
2108 1175 2192 1227 sui

443 1283 657 1316 causam
701 1262 815 1331 regi
845 1280 941 1331 per
980 1261 1343 1312 internuntios
1382 1262 1639 1330 sagaciter
1663 1280 1945 1330 suggerere
1970 1260 2191 1312 curavit.

444 1350 594 1416 Rege
635 1348 818 1415 itaque
863 1345 1127 1397 inmodice
1161 1347 1277 1416 ejus
1313 1346 1451 1398 votis
1490 1365 1588 1416 pro
1615 1346 1697 1399 sui
1721 1344 2018 1398 reverentia
2041 1353 2096 1396 et
2121 1344 2189 1396 ob

440 1433 498 1484 id
524 1451 683 1502 quam
708 1430 940 1482 maxime
968 1431 1113 1499 quod
1137 1431 1202 1482 de
1229 1438 1339 1482 tam
1362 1431 1581 1483 remotis
1604 1431 1848 1500 partibus
1873 1430 2017 1481 ultro
2042 1448 2194 1481 suam

441 1517 736 1586 expetisset
761 1515 979 1578 curiam,
1004 1515 1181 1566 favere
1208 1524 1451 1579 conante,
1486 1515 1612 1567 hinc
1636 1525 1814 1568 tamen
1841 1516 2041 1583 absque
2067 1532 2192 1565 con-

439 1602 557 1652 silio
600 1601 677 1651 nil
717 1599 924 1651 definiri
965 1600 1296 1653 deliberavit.
1372 1600 1554 1653 Affuit
1598 1601 1766 1670 igitur
1806 1608 1861 1651 et
1886 1608 2014 1651 tunc
2051 1599 2193 1652 inter

436 1686 669 1753 reliquos
705 1684 855 1752 regni
897 1684 1153 1754 primores
1191 1685 1249 1735 in
1286 1684 1449 1748 curia,
1493 1684 1577 1736 uti
1614 1684 1778 1753 regiae
1813 1684 1952 1735 aulae
1980 1682 2194 1735 secretis

438 1790 545 1821 non
570 1770 837 1832 echUSUS,
856 1779 1177 1821 memoratus
1195 1769 1276 1821 vir
1295 1770 1541 1822 dominus
1568 1768 1908 1831 GausfridUS,
1927 1767 2191 1820 Bellensis

442 1855 677 1906 ecclesiae
721 1862 1049 1924 procurator.
1129 1854 1241 1908 Qui
1273 1856 1401 1906 dum
1424 1855 1542 1906 haec
1566 1855 1705 1906 forte
1730 1853 1990 1915 rescisset,
2017 1868 2192 1904 causae

440 1959 549 1990 non
575 1939 809 2007 segniter
843 1958 940 2007 per
975 1958 1029 1990 se
1054 1958 1261 2008 perque
1288 1959 1400 1991 suae
1426 1940 1662 1991 fautores
1688 1937 1991 2008 prudentiae
2016 1937 2192 1989 inten—

441 2024 586 2086 dens,
611 2023 735 2073 hinc
760 2023 899 2090 regis
924 2023 1139 2092 penitus
1164 2023 1400 2075 animum
1432 2024 1652 2093 provide
1681 2023 1918 2092 perstitit
1937 2030 2190 2074 avertere.

450 2106 587 2166 Cum
611 2126 736 2175 ergo
773 2106 872 2158 hac
899 2108 964 2158 de
989 2126 1046 2159 re
1072 2109 1277 2160 abbatis
1303 2110 1543 2178 ejusdem
1565 2108 1887 2176 legationem
1910 2126 2011 2158 rex
2035 2125 2192 2158 exce-

437 2191 620 2259 pisset,
660 2192 884 2243 dicentis
928 2211 958 2242 a
982 2200 1134 2260 patre
1159 2193 1326 2261 ipsius
1351 2211 1475 2261 rege
1501 2192 1779 2243 Willehno
1806 2191 1945 2242 Belli
1983 2210 2191 2242 monas-

438 2274 641 2325 terium
680 2275 737 2325 in
781 2276 1128 2345 subjectionis
1178 2276 1473 2328 dominium
1518 2276 1717 2346 Majori
1743 2276 2075 2327 Monasterio
2125 2276 2190 2327 ab

436 2359 592 2410 initio
628 2359 959 2411 fundationis
1021 2360 1167 2411 illius
1231 2361 1501 2424 collatum,
1554 2360 1968 2412 confirmationis
2015 2359 2191 2412 muni-

436 2452 618 2494 menta
654 2442 780 2494 hinc
818 2444 884 2495 ab
937 2444 1055 2512 ipso
1092 2445 1313 2513 provide
1359 2445 1495 2514 regii
1542 2445 1833 2514 exigebant
1883 2443 2187 2496 consiliarii.

435 2529 526 2580 Ad
561 2529 677 2580 haec
704 2548 825 2580 cum
851 2530 1030 2593 abbas,
1058 2530 1195 2582 tanti
1220 2530 1320 2582 viri
1359 2531 1558 2582 donum
1590 2531 1912 2582 verbotenus
1937 2529 2191 2581 collatum

434 2615 633 2682 absque
677 2613 876 2665 arbitro
916 2633 1070 2682 posse
1112 2614 1375 2678 sufficere,
1419 2633 1516 2666 nec
1573 2633 1732 2684 super
1766 2614 1868 2665 hoc
1908 2613 2192 2683 quodlibet

436 2697 850 2748 confirmationis
885 2698 1120 2749 edictum
1147 2717 1471 2768 quemquam
1492 2699 1750 2751 hactenus
1771 2698 2041 2768 quaesisse,
2065 2698 2192 2767 quia

435 2801 532 2833 nec
557 2783 912 2834 necessarium
936 2784 1051 2835 fore
1078 2786 1362 2853 putabant,
1408 2793 1701 2848 astrueret3
1748 2803 2064 2854 responsum
2089 2791 2188 2846 est,

435 2884 542 2916 non
551 2867 664 2918 fore
683 2875 859 2919 ratum
873 2887 1027 2937 posse
1049 2869 1392 2920 donationem
1408 2877 1574 2921 tantae
1593 2870 1671 2920 rei
1696 2869 1793 2920 ubi
1817 2869 2021 2920 scilicet
2045 2876 2102 2920 et
2125 2867 2190 2918 li-

434 2950 626 3002 beralis
641 2952 926 3004 auctoritas
946 2953 1266 3021 dignitatum
1275 2972 1483 3005 necnon
1497 2962 1552 3005 et
1561 2955 1723 3022 regiae
1742 2970 1951 3005 coronae
1969 2953 2193 3005 extabat

435 3035 663 3103 signum,
711 3036 756 3087 si
794 3056 903 3088 non
945 3046 1040 3089 aut
1081 3047 1344 3091 cartarum
1383 3049 1478 3090 aut
1503 3047 1646 3090 certe
1675 3039 1895 3090 testium
1918 3038 2037 3112 viga
2060 3054 2189 3089 voce

434 3120 656 3187 probata
692 3122 1048 3175 roboraretur.
1127 3123 1246 3175 Hac
1289 3123 1457 3192 igitur
1499 3123 1705 3174 ratione
1740 3124 1955 3174 tandem
1990 3131 2191 3174 cassata

436 3205 703 3256 exactoris
761 3206 1141 3271 sollicitudine,
1205 3208 1330 3260 hinc
1390 3227 1510 3278 spes
1574 3208 1795 3259 effectus
1859 3207 2186 3259 excluditur..

435 3285 641 3339 Verum
664 3290 810 3357 regia
833 3309 941 3342 non
965 3310 1120 3360 passa
1145 3299 1225 3342 est
1249 3292 1644 3361 magnificentia
1662 3292 1799 3343 tanti
1823 3291 2053 3342 nominis
2068 3310 2191 3360 per-

435 3389 616 3422 sonam
642 3392 790 3424 suam
811 3375 1075 3427 incassum
1101 3376 1271 3427 adisse
1299 3377 1514 3429 curiam.
1592 3377 1735 3428 Nam
1757 3376 1930 3445 primo
1956 3376 2005 3427 ei
2031 3376 2190 3428 obtu-

436 3454 502 3504 lit
543 3473 717 3507 unum
779 3477 938 3527 quem
988 3460 1152 3512 vellet
1210 3462 1590 3512 monachorum
1640 3479 1874 3523 suorum,
1927 3462 1993 3512 ab
2044 3459 2190 3511 omni

439 3537 663 3607 Majoris
713 3541 1032 3594 Monasterii
1083 3552 1312 3596 exutum
1353 3545 1703 3614 subjectione,
1762 3552 1890 3595 tunc
1947 3544 2187 3613 praefatae

439 3622 672 3673 ecclesiae
698 3625 942 3676 abbatem
968 3629 1258 3695 praeficere,
1286 3629 1489 3681 seclusa
1513 3630 1568 3680 in
1593 3637 1868 3698 posterum
1893 3629 2037 3680 omni
2063 3630 2188 3681 sub-
