2398 4152
182 2648 257 2680 The
277 2648 406 2691 King's

180 2699 324 2723 answer.

180 3243 256 3276 The
271 3242 402 3276 Abbot.

470 444 540 497 96
975 455 1257 498 HISTORIA
1295 455 1710 500 FUNDA'rroms

462 582 649 646 riensi,
690 600 787 652 per
831 581 1010 634 omnia
1048 582 1715 648 debemus-obedientiam,
1749 584 1998 636 intimare
2023 584 2222 638 curavi.

468 665 923 737 Archiepiscopus
947 686 1073 720 vero
1098 687 1190 720 vos
1214 668 1339 720 inde
1365 669 1643 722 convenia
1684 669 1804 738 Ego
1829 669 1992 722 etiam
2014 688 2113 740 pro
2136 688 2223 722 me

467 759 523 803 et
567 771 665 821 pro
708 752 930 804 ecclesia
971 772 1090 804 mea
1131 753 1406 805 Cicestriae
1447 753 1835 823 querimoniam
1874 772 2051 806 coram
2073 754 2225 807 vobis

466 836 708 906 deposui.
787 838 1059 908 Praecepit
1091 857 1217 907 ergo
1257 838 1426 907 igitur
1450 839 1736 891 clementia
1771 847 1946 891 vestra
1971 839 2225 909 quatinus

466 940 642 972 coram
685 921 1084 992 archiepiscopo
1126 941 1226 991 ego
1266 931 1323 974 et
1361 923 1523 977 abbas
1550 942 1673 975 cum
1700 923 2013 975 cancellario
2046 930 2223 976 vestro

465 1006 681 1058 domino
721 1006 928 1060 Thoma
953 1008 1373 1071 conveniremus,
1417 1008 1605 1077 ibique
1645 1008 1784 1061 lecta
1816 1008 2026 1060 abbatis
2061 1017 2222 1072 carta,

464 1092 688 1145 consilio
728 1092 1113 1163 archiepiscopi
1149 1111 1211 1144 ea
1237 1110 1360 1162 quae
1387 1094 1698 1164 corrigenda
1722 1102 1891 1157 erant,
1933 1112 1996 1145 ea
2018 1092 2223 1145 scilicet

465 1194 590 1246 quae
616 1186 801 1229 contra
827 1177 1116 1246 dignitates
1139 1178 1520 1248 praedictarum
1544 1177 1886 1230 ecclesiarum
1914 1177 2220 1230 Cantuariae

463 1262 672 1314 scilicet
713 1271 769 1314 et
812 1262 1088 1314 Cicestriae
1151 1262 1476 1326 existebant,
1531 1270 1784 1326 correcta,
1827 1262 2218 1333 unusquisque,

463 1363 588 1416 quae
629 1347 712 1399 sui
745 1347 885 1417 juris
924 1366 1036 1399 esse
1078 1347 1346 1411 videntur,
1392 1348 1687 1417 adquisisse
1712 1348 1987 1417 gauderet.
2081 1347 2222 1400 Con-

461 1432 705 1485 venimus
749 1432 844 1484 ibi.
922 1431 1091 1484 Lecta
1132 1432 1300 1501 igitur
1324 1451 1501 1484 coram
1541 1432 1912 1484 assistentibus
1946 1440 2091 1484 carta
2127 1433 2221 1484 ab·

461 1517 619 1580 batis,
662 1536 725 1568 ea
765 1533 888 1586 quae
915 1525 1100 1568 contra
1140 1517 1432 1586 dignitates
1459 1516 1867 1568 Cantuariensis
1902 1516 2140 1569 ecclesiae
2166 1525 2224 1569 et

464 1601 812 1654 Cicestrensis
852 1610 1022 1666 erant,
1058 1603 1208 1670 justa
1250 1601 1675 1654 consideratione
1723 1601 2084 1672 peremptoria
2108 1621 2221 1654 esse

459 1695 733 1757 praecepta
757 1694 901 1739 sunt.
966 1686 1154 1739 Abbas
1179 1686 1259 1738 ira
1283 1695 1582 1739 commotus
1615 1686 1803 1738 multis
1829 1705 1914 1738 me
1938 1686 2139 1739 ibidem
2165 1695 2221 1740 et

460 1772 710 1824 maximis
763 1790 1042 1841 aggressus
1089 1780 1173 1839 *est
1223 1771 1455 1842 injuriiS.
1559 1771 1678 1824 Nec
1733 1771 1907 1824 solum
1953 1771 2220 1825 duntaxat

461 1864 607 1921 tunc,
654 1857 748 1910 sed
789 1876 928 1909 anno
974 1857 1138 1909 etiam
1179 1857 1435 1927 praesenti
1464 1856 1777 1909 Cicestriam
1815 1857 2034 1910 veniens
2077 1857 2220 1928 capi-

461 1942 639 1994 tulum
672 1951 916 1994 nostrum
942 1961 1064 1994 cum
1088 1942 1255 1994 nimia
1279 1942 1437 1994 nimis
1463 1943 1763 2012 arrogantia
1784 1941 2021 2006 intravit,
2056 1950 2219 2013 atque

460 2027 645 2080 multis
681 2036 737 2080 et
778 2027 1260 2079 innumerabilibus
1302 2027 1475 2080 modis
1510 2027 1567 2078 in
1601 2026 1893 2097 praesentia
1927 2036 2220 2079 conventus

459 2113 565 2164 mei
590 2113 842 2165 minando
862 2121 1026 2182 atque
1050 2114 1350 2182 spernendo
1374 2132 1459 2164 me
1486 2113 1815 2183 dijudicavit.
1895 2112 2015 2165 Hac
2035 2112 2220 2183 itaque

457 2198 665 2250 ratione
707 2207 763 2250 et
785 2198 887 2250 hoc
926 2197 1104 2262 modo,
1147 2197 1360 2249 domine
1400 2198 1474 2249 mi
1515 2197 1802 2262 carissime,
1841 2217 2020 2250 rerum
2059 2198 2220 2250 series

456 2282 599 2335 inter
638 2303 735 2335 nos
773 2282 1032 2335 hactenus
1073 2281 1260 2334 habita
1294 2290 1392 2335 est.
1470 2282 1607 2334 Peto
1646 2282 1813 2352 igitur
1839 2282 2219 2335 excellentiam

453 2376 698 2432 vestram,
740 2368 994 2438 quatinus
1029 2367 1307 2437 antiquam
1347 2376 1404 2420 et
1438 2368 1642 2438 justam
1696 2386 1960 2419 canonum
1998 2367 2216 2420 institu-

453 2453 656 2505 tionem
691 2453 833 2505 inter
871 2472 969 2505 nos
1011 2460 1180 2504 ratam
1219 2471 1316 2523 per
1342 2453 1520 2504 omnia
1559 2471 1690 2518 esse,
1718 2460 1880 2522 atque
1918 2451 2033 2505 haec
2068 2471 2215 2505 more

454 2539 813 2591 ecclesiastico
841 2538 1195 2591 determinare
1221 2537 1553 2607 praecipiat.”

526 2623 680 2675 Tunc
705 2642 838 2675 rex:
893 2627 928 2652 “
956 2623 1163 2675 Mirum
1204 2630 1260 2674 et
1292 2622 1594 2674 mirandum
1630 2622 1858 2674 nimium
1888 2622 1975 2674 hic
2000 2621 2212 2691 *audivi-

451 2727 588 2772 mUS,
630 2716 798 2760 cartas
836 2707 1040 2760 scilicet
1076 2707 1532 2777 praedecessorum
1568 2726 1812 2759 meorum
1846 2726 2035 2777 regum
2065 2708 2216 2777 justa

451 2792 713 2862 dignitate
742 2809 951 2844 coronae
978 2792 1197 2861 Angliae
1223 2800 1278 2844 et
1302 2811 1619 2861 magnorum
1643 2793 1879 2845 virorum
1905 2792 2213 2845 testimonio

449 2877 800 2941 confirmataS,
829 2897 860 2929 a
883 2877 1048 2941 vobis,
1077 2877 1288 2928 domine
1306 2876 1969 2947 episcope,peremptorias
1995 2896 2107 2929 esse
2121 2879 2213 2948 ju-

451 2962 668 3014 dicatas,
746 2962 911 3014 Absit
935 2963 1055 3025 hoc,
1084 2962 1224 3013 absit
1249 2981 1280 3013 a
1304 2962 1455 3030 regni
1479 2962 1586 3013 mei
1613 2962 1950 3027 excellentia,
1978 2970 2041 3015 ut
2066 2963 2213 3031 quod

448 3048 654 3099 ratione
681 3047 915 3100 dictante
941 3046 1272 3116 consilioque
1299 3046 1817 3117 archiepiscoporum
1845 3055 1901 3099 et
1935 3047 2211 3117 episcopo-

449 3151 569 3184 rum
587 3141 750 3202 atque
765 3133 1025 3185 baronum
1041 3149 1283 3182 meorum
1303 3149 1333 3182 a
1348 3150 1433 3182 me
1453 3131 1620 3184 fuerit
1631 3131 1923 3195 decretum,
1944 3132 2134 3183 avobis
2155 3139 2211 3183 et

449 3237 480 3268 a
498 3218 660 3270 vestri
686 3217 952 3269 similibus
972 3216 1329 3268 damnandum
1349 3235 1461 3268 esse
1471 3216 1798 3286 judicetur.”
1845 3216 1998 3269 Tunc
2019 3217 2207 3269 abbas:

451 3306 486 3331 “
504 3302 594 3355 Ab
614 3303 851 3372 antiquis
877 3301 1228 3373 temporibUS,
1250 3309 1506 3370 regnante
1532 3302 1811 3354 Willelmo
1835 3319 1959 3371 rege
1986 3301 2208 3354 nobilis-

448 3389 599 3453 simo,
613 3390 792 3442 omnia
805 3390 940 3453 haec,
962 3397 1067 3441 uta
1088 3388 1389 3442 senioribus
1407 3389 1645 3441 ecclesiae
1666 3397 1864 3441 nostrae
1884 3388 2205 3458 accepimus,

448 3492 624 3526 coram
650 3475 838 3528 eodem
865 3475 1080 3527 domino
1106 3482 1289 3526 nostro
1314 3493 1458 3543 rege,
1501 3473 1803 3526 Lanfranco
1832 3472 2205 3525 Cantuariensi

447 3558 864 3630 archiepiscopo,
885 3568 939 3613 et
964 3560 1082 3611 aliis
1104 3559 1514 3629 quampluribus
1541 3559 1804 3629 episcopis
1828 3559 2204 3628 praesentibus,

450 3642 709 3712 Stigando
736 3645 898 3698 etiam
926 3653 1054 3698 tunc
1083 3643 1358 3696 Cicestriae
1380 3644 1628 3713 episcopo
1664 3643 1719 3695 in
1746 3643 2031 3713 praesentia
2069 3644 2213 3713 ejus-
