2398 4152
199 2543 275 2575 One
286 2541 325 2574 of
335 2542 394 2576 the

196 2585 347 2618 charters

199 2626 343 2668 granted
353 2626 376 2658 b

199 2668 356 2700 William
397 2690 406 2700 .

197 2710 378 2751 destroyed
390 2710 438 2752 by

195 2761 275 2825 'iffi'
286 2793 402 2826 Abbot

198 2835 410 2868 endeavours

197 2880 234 2909 to
248 2877 334 2910 have
347 2877 377 2910 it

195 2919 364 2952 renewed.

475 450 581 502 164
981 461 1266 504 HISTORIA
1309 462 1728 505 FUNDATIONIS
1766 494 1769 496 -

471 584 619 636 vium
643 602 703 636 ac
736 584 1026 653 promiscui
1064 604 1227 639 sexus
1259 586 1608 648 multitudine
1651 587 2114 657 processionaliter
2153 593 2237 646 est

474 676 774 738 suscethS,
837 687 897 721 ac
966 670 1012 722 si
1059 671 1241 724 adesse
1306 672 1650 725 nuntiaretur
1697 673 1932 725 coelestis
1993 672 2234 741 angelus·

474 752 668 805 Paucis
686 753 766 805 ibi
790 761 1028 806 moratus
1054 754 1262 820 diebus,
1281 756 1483 808 curiam
1509 757 1710 809 domini
1735 757 1875 825 regis
1893 757 2236 827 postmodum

472 834 624 898 adiit,
651 834 749 887 ubi
784 853 816 887 a
846 853 972 904 rege
998 836 1135 888 tanti
1169 837 1387 890 habitus
1429 848 1528 903 est,
1569 846 1632 890 ut
1658 839 1926 907 quendam
1954 841 2235 909 Rogerum

476 918 875 971 Cantuariensis
901 920 1141 973 ecclesiae
1161 922 1499 987 monachum,
1519 923 1636 992 regi
1662 923 1879 975 omnino
1904 923 2238 994 incognitum

475 1005 533 1056 in
572 1005 895 1058 monasterio
923 1007 1093 1059 sancti
1126 1007 1426 1077 Augustini
1455 1007 1762 1060 Cantuariae
1805 1009 2058 1061 abbatem
2074 1011 2092 1041 ²
2119 1009 2236 1061 fieri

473 1089 830 1159 permitteret,
859 1109 923 1142 eo
948 1091 1062 1143 solo
1087 1099 1393 1157 contentUS,
1424 1093 1571 1162 quod
1595 1093 1759 1145 abbas
1797 1093 1861 1145 de
1888 1093 2046 1145 Bello
2069 1093 2239 1163 ipsius

475 1176 867 1228 commendavit
907 1195 1208 1246 personam.
1287 1177 1445 1230 Licet
1479 1177 1622 1229 enim
1655 1177 1948 1246 praedictus
1986 1178 2236 1247 Rogerus

473 1259 606 1311 alios
645 1261 712 1312 ab
753 1261 910 1313 initio
954 1263 1277 1315 mediatores
1317 1263 1461 1333 apud
1502 1281 1685 1331 regem
1709 1262 1964 1315 habuerit
1990 1271 2046 1314 et
2069 1262 2236 1315 inter-

474 1364 724 1409 cessoreS,
750 1365 860 1397 non
883 1348 1066 1416 potuit
1087 1355 1267 1399 tamen
1291 1367 1392 1400 rex
1417 1348 1484 1400 ad
1509 1366 1824 1400 consensum
1847 1347 2104 1417 pertrahi,
2130 1347 2236 1400 nisi

472 1429 624 1500 prius
659 1438 930 1482 constaret
968 1432 1074 1484 sibi
1115 1432 1181 1483 de
1227 1431 1508 1484 honestate
1548 1450 1792 1502 personae
1837 1451 1909 1483 ex
1933 1433 2143 1484 abbatis
2169 1433 2235 1484 de

474 1513 631 1565 Bello
675 1514 763 1566 cui
800 1514 963 1567 fidem
1000 1515 1195 1568 habuit
1239 1516 1674 1568 commendatitia
1708 1516 2018 1580 assertione,
2063 1517 2235 1569 sciens

474 1617 600 1650 eum
638 1618 850 1651 morum
886 1599 1059 1669 ipsius
1106 1619 1203 1671 per
1243 1601 1680 1671 experimentum
1718 1600 1915 1653 habere
1964 1601 2232 1667 notitiam,

475 1702 640 1753 quem
689 1703 801 1736 suae
851 1692 1074 1738 noverat
1120 1685 1399 1738 subditum
1448 1686 1764 1756 disciplinae,
1817 1704 1941 1737 cum
1988 1685 2233 1756 prioratu

469 1767 792 1837 fungeretur
818 1768 1218 1823 Cantuariensis
1245 1770 1501 1823 ecclesiae.
1580 1770 1670 1823 Sic
1696 1770 1791 1823 illo
1815 1778 2083 1841 promote,
2109 1789 2234 1823 con-

470 1853 597 1922 tigit
638 1853 962 1923 praedictum
991 1854 1392 1908 Cantuariensis
1419 1855 1660 1909 ecclesiae
1693 1855 1929 1925 priorem
1969 1854 2233 1908 Benedic-

472 1946 592 1991 tum
629 1940 772 2009 regis
811 1939 1240 2009 indignationem
1277 1941 1568 1994 incurrere.
1647 1940 1756 1993 Sed
1780 1940 1975 1993 abbate
2000 1940 2233 1992 interve-

469 2023 672 2088 niente,
719 2024 815 2093 qui
859 2026 1121 2078 mediator
1164 2026 1483 2090 intercessit,
1520 2045 1621 2078 rex
1657 2026 1889 2078 eundem
1914 2025 2150 2096 priorem
2173 2026 2232 2077 in

469 2116 675 2161 tantam
723 2109 952 2177 gratiam
1000 2111 1224 2180 recepit,
1274 2120 1339 2163 ut
1386 2131 1510 2164 eum
1555 2130 1811 2182 processu
1860 2110 2120 2181 temporis
2160 2111 2228 2163 ad

470 2194 742 2246 abbatiam
787 2194 960 2263 Burgi
999 2205 1356 2265 promoveret.
1434 2196 1572 2248 Haec
1615 2196 1738 2249 ideo
1783 2196 2127 2260 inseruimuS,
2170 2204 2235 2248 ut

471 2286 689 2350 quantae
714 2280 859 2349 apud
881 2280 1061 2350 ipsum
1085 2281 1236 2350 regni
1255 2281 1571 2351 principem,
1595 2300 1690 2332 seu
1717 2280 1987 2350 quaslibet
2011 2280 2238 2333 diversae

471 2363 794 2416 conditionis
831 2384 1084 2435 personas
1122 2366 1341 2418 habitus
1380 2366 1452 2418 sit
1487 2366 1822 2429 reverentiae,
1872 2375 2091 2434 quantae
2118 2365 2235 2436 opi-

470 2449 665 2514 nioniS,
695 2459 914 2519 quantae
938 2451 1383 2516 honorificentiae,
1410 2451 1621 2520 liquido
1650 2451 1821 2521 possit
1846 2450 2069 2502 adverti.

544 2534 725 2586 Unam
750 2554 823 2587 ex
848 2535 1007 2588 cartis
1031 2535 1173 2606 regis
1193 2535 1478 2600 Willelmi,
1500 2535 1804 2588 fundatoris
1830 2534 2140 2587 monasterii
2166 2535 2232 2587 de

473 2617 647 2683 Bello,
678 2620 906 2689 contigit
932 2628 1062 2672 tunc
1100 2621 1357 2690 temporis
1383 2621 1440 2672 in
1472 2620 1590 2690 ipso
1615 2620 1937 2673 monasterio
1962 2626 2231 2672 vetustate

473 2702 706 2756 dissolvi.
801 2704 983 2760 Quam
1043 2723 1167 2756 cum
1215 2706 1377 2757 abbas
1426 2705 1541 2773 regi
1590 2705 1935 2775 porrexisset,
1978 2708 2013 2734 “
2042 2704 2232 2768 Haec,”

471 2787 655 2856 inquit
703 2807 820 2852 rex,
876 2793 911 2818 “
936 2784 1280 2841 renovatione
1330 2790 1651 2859 indigeret.'’
1755 2789 1967 2842 Abbate
2019 2791 2085 2842 ad
2131 2790 2232 2842 hoc

471 2873 844 2942 respondente,
887 2873 1016 2925 “Et
1039 2892 1137 2925 nos
1176 2881 1241 2925 ut
1280 2892 1396 2925 eam
1440 2875 1484 2925 si
1525 2874 1703 2943 placet
1741 2874 2061 2926 auctoritate
2086 2875 2234 2944 regia

470 2958 773 3010 renovando
816 2958 1138 3010 confirmetis
1175 2958 1538 3028 supplicamus
1557 2959 1604 3022 ;’'
1645 2963 1679 2987 “
1708 2959 1837 3011 Non
1859 2959 2013 3023 hoc,”
2051 2960 2234 3029 inquit

470 3062 588 3108 rex,
630 3046 666 3071 “
690 3043 795 3095 nisi
836 3062 908 3095 ex
935 3043 1146 3113 judicio
1173 3043 1338 3095 curiae
1364 3062 1498 3095 meae
1523 3043 1766 3096 facturus
1793 3043 1964 3095 sum.”
2040 3043 2234 3096 Diver-

471 3127 541 3180 tit
577 3129 645 3181 ad
677 3128 793 3180 haec
834 3128 997 3180 abbas
1023 3147 1054 3179 a
1078 3146 1221 3198 rege,
1261 3136 1316 3180 et
1341 3127 1516 3180 virum
1550 3128 1818 3180 illustrem
1844 3128 2140 3180 Ricardum
2165 3129 2231 3180 de

471 3212 609 3265 Luci
634 3214 833 3280 adienS,
869 3213 1009 3282 regis
1036 3213 1139 3265 sibi
1164 3213 1419 3283 exposuit
1443 3231 1774 3284 responsum.
1852 3212 1942 3266 Ad
1981 3214 2127 3282 quod
2150 3214 2232 3266 vir
2313 3255 2315 3259 .
2364 3252 2366 3257 -

468 3298 694 3350 illustris
717 3298 984 3351 Ricardus
1009 3299 1353 3368 respondens,
1382 3302 1418 3326 “
1446 3299 1506 3351 Si
1532 3298 1826 3362 nostrum,”
1852 3298 2052 3367 inquit,
2082 3302 2117 3326 “
2143 3318 2231 3351 su·
2303 3295 2317 3359 J.

466 3402 565 3452 per
602 3383 703 3435 hoc
747 3392 1069 3453 expectatur
1095 3383 1385 3453 judicium,
1431 3385 1498 3436 ad
1533 3383 1784 3436 effectum
1809 3383 2089 3453 petitionis
2115 3391 2227 3436 tuae

466 3470 774 3521 unanimem
824 3469 1062 3521 invenies
1114 3469 1283 3536 totius
1329 3470 1493 3521 curiae
1534 3468 1901 3522 consensum.”
1977 3468 2124 3520 Loco
2173 3477 2229 3521 et

467 3562 707 3623 tempore
749 3573 821 3606 ex
860 3554 1082 3606 consilio
1118 3554 1218 3605 viri
1244 3554 1470 3607 illustris
1498 3553 1720 3606 Ricardi
1758 3560 2065 3623 expectat0‚
2105 3572 2227 3605 cum
2308 3553 2319 3582 7
2351 3550 2357 3562 ²

659 3678 669 3703 ¹
703 3678 783 3721 See
807 3678 965 3733 Thorn,
988 3693 1031 3736 p.
1057 3680 1182 3733 1819,
1206 3679 1270 3722 for
1290 3678 1365 3721 the
1386 3678 1550 3736 ground
1573 3677 1621 3721 of
1634 3677 1719 3721 this
1741 3676 2018 3735 displeasure.
