2398 4152
201 615 276 647 The
292 614 388 656 Κίος

203 657 362 689 confirms
375 656 434 688 the

200 698 351 730 charters
366 698 405 730 of

201 740 261 772 the
277 739 410 780 Abbey.

212 2372 288 2404 The
305 2370 400 2419 King

212 2424 293 2455 goes
313 2417 387 2445 mto

215 2454 427 2495 Normandy.

217 2731 254 2755 Δ.
274 2731 311 2755 Ι).
332 2726 425 2754 1155.

215 2766 305 2803 Aug·-
317 2768 369 2800 29.

216 2805 332 2837 Abbot
349 2805 446 2837 Wal-

217 2850 269 2878 ter
280 2846 375 2879 visits
390 2847 449 2879 the

219 2889 315 2929 King
330 2892 366 2920 at

219 2930 378 2962 Saumur.

477 454 543 514 76
968 467 1251 509 HISTORIA
1295 456 1707 506 FUNDATIONIS

475 602 572 646 est.
650 593 836 646 Tertia
861 592 947 643 die
971 600 1095 660 post
1117 610 1303 661 pacem
1327 591 1540 653 factam,
1568 584 1806 640 affuit'et
1829 587 2008 639 abbas,
2086 584 2229 637 Con-

476 679 594 730 silio
620 678 788 746 igitur
812 676 993 728 fratris
1035 676 1119 727 sui
1145 675 1368 727 Ricardi
1395 675 1460 726 de
1487 673 1643 738 Luci,
1672 680 1728 724 et
1766 672 1993 723 aliorum
2031 670 2229 723 amico-

474 782 595 814 rum
620 780 856 824 suorum,
884 761 1046 811 abbas
1071 778 1254 828 regem
1278 760 1337 810 in
1362 757 1654 810 crastinum
1687 756 1839 819 adiit,
1857 764 2029 824 ,atque
2067 771 2229 824 super

475 854 619 898 carta
667 864 763 897 sua
801 845 957 896 illum
991 844 1363 913 interpellatus
1404 851 1501 895 est.
1578 841 1708 893 Rex
1747 859 1870 892 cum
1908 839 2231 909 quibusdam

477 930 669 984 secreti
696 929 780 981 sui
807 929 1030 981 consciis
1057 928 1282 980 consilio
1321 926 1730 989 communicato,
1758 924 1879 976 Deo
1916 924 2147 987 favente,
2174 930 2232 974 et

474 1016 634 1067 beato
661 1014 902 1067 Martino
929 1013 1130 1066 Christi
1156 1008 1455 1066 confessore
1484 1012 1579 1081 qui
1602 1029 1882 1079 nunquam
1919 1008 1977 1059 in
2018 1027 2072 1060 se
2111 1025 2231 1076 spe-

474 1108 654 1152 rantes
703 1098 900 1151 deserit
948 1098 1265 1162 auxiliante,
1316 1096 1760 1167 coadjuvantibus
1820 1095 1983 1145 etiam
2031 1090 2230 1145 terreni

475 1184 685 1235 consilii
721 1183 977 1252 patronis,
1019 1183 1216 1235 comite
1244 1183 1448 1234 scilicet
1476 1181 1766 1233 Cornubiae
1795 1177 2136 1248 Raginaldo,¹
2176 1183 2233 1227 et

477 1268 712 1320 Ricardo
730 1268 794 1319 de
818 1267 1038 1318 Humez
1064 1268 1204 1336 regis
1229 1267 1467 1330 tribunO,
1497 1266 1592 1335 qui
1618 1285 1740 1317 cum
1755 1264 1990 1316 Ricardo
2011 1263 2075 1314 de
2093 1259 2233 1313 Luci

478 1361 534 1404 et
559 1353 752 1404 abbate
778 1350 1024 1402 Waltero
1051 1351 1302 1402 amicitiae
1347 1350 1553 1402 foedere
1594 1348 1868 1419 conjuncti
1903 1355 2070 1411 erant,
2111 1345 2233 1396 red·-

479 1436 618 1488 didit
641 1456 742 1487 rex
767 1443 963 1487 cartam
987 1435 1300 1504 praedictam
1339 1435 1540 1498 abbati,
1568 1442 1624 1486 et
1661 1452 1758 1503 per
1795 1433 1952 1484 illum
1992 1429 2234 1483 ecclesiae

480 1521 545 1572 de
591 1521 762 1584 Bello,
811 1536 934 1588 quae
981 1528 1062 1571 est
1106 1520 1318 1588 signum
1363 1538 1573 1570 coronae
1618 1518 1782 1587 regiae
1827 1517 2062 1586 Angliae,
2114 1534 2232 1567 eam

480 1604 647 1667 misit,
673 1604 989 1657 laetantibus
1014 1605 1324 1656 hominibus
1368 1605 1579 1656 abbatis
1624 1612 1680 1655 et
1706 1603 1944 1655 ecclesiae
1982 1603 2047 1654 de
2075 1600 2233 1654 Bello

480 1689 681 1752 amicis,
727 1689 1077 1757 inmensoque
1121 1689 1318 1757 gaudio
1369 1689 1811 1759 tripudiantibus,
1838 1687 2069 1739 inimicis
2107 1705 2233 1739 vero

481 1793 667 1825 eorum
691 1774 933 1843 undique
959 1774 1192 1844 perfusis
1217 1793 1446 1826 moerore
1487 1783 1541 1826 et
1582 1774 1832 1826 confusis.
1908 1772 2232 1826 Valedicens

481 1858 649 1926 igitur
673 1859 788 1927 regi
813 1859 976 1910 abbas
1003 1867 1059 1910 et
1084 1859 1279 1927 gratias
1319 1878 1497 1927 agens,
1526 1878 1556 1910 a
1599 1858 1747 1910 curia
1789 1877 1912 1910 cum
1955 1865 2100 1910 carta
2139 1874 2235 1908 sua

481 1943 716 2008 recessit,
736 1952 792 1994 et
809 1944 975 2013 juxta
1001 1952 1203 1995 statuta
1218 1945 1427 1996 dierum
1451 1945 1646 1995 itinera
1671 1944 1737 1995 ad
1753 1943 1970 1994 Bellum
1993 1959 2234 1993 reversus

484 2036 581 2079 est.
659 2028 855 2098 Ibique
883 2039 1025 2082 carta
1051 2050 1226 2082 coram
1252 2030 1510 2082 fratribus
1554 2030 1797 2099 ejusdem
1837 2027 2076 2080 ecclesiae
2113 2044 2235 2096 per-

482 2112 640 2176 lecta,
669 2115 924 2183 exposuit
949 2115 1025 2167 eis
1052 2115 1229 2166 omnia
1255 2134 1377 2183 quae
1422 2114 1525 2166 sibi
1565 2115 1917 2183 contigerant,
1952 2111 2238 2182 gaudenti-

482 2198 585 2248 bus
628 2199 876 2250 omnibus
917 2207 973 2251 et
1014 2198 1195 2251 Deum
1234 2199 1470 2250 maximo
1513 2199 1684 2251 cordis
1718 2198 1915 2250 affectu
1940 2215 2099 2266 super
2134 2195 2236 2248 hoc

482 2281 923 2350 glorificantibus.

558 2364 626 2417 In
652 2370 900 2436 sequenti
925 2368 1223 2420 nativitatis
1248 2367 1472 2420 Domini
1498 2368 1637 2420 festo
1664 2368 1844 2420 tenuit
1874 2367 2019 2419 idem
2057 2366 2238 2419 excel-

485 2450 812 2503 lentissimus
837 2472 935 2504 rex
963 2453 1249 2505 concilium
1283 2471 1441 2504 suum
1481 2453 1627 2523 apud
1651 2453 2238 2516 ὟΝ0511110113.3101111111,2

488 2545 543 2589 et
586 2538 858 2607 dispositis
903 2538 1152 2589 omnibus
1195 2537 1322 2601 suis,
1367 2546 1588 2607 propte-r
1615 2538 1862 2606 quaedam
1885 2537 2102 2606 negotia
2144 2555 2241 2588 sua

488 2623 905 2691 transnavigavit
930 2622 988 2673 in
1015 2622 1420 2674 Normanniam.

563 2704 628 2756 In
651 2706 747 2757 illo
774 2707 1069 2775 eodemque
1097 2726 1253 2771 anno,
1283 2707 1368 2758 die
1396 2707 1763 2759 decollationis
1790 2706 1957 2759 sancti
1982 2706 2017 2759 J
2019 2706 2240 2759 ohannis

492 2790 772 2859 Baptistae,
817 2810 915 2859 pro
963 2791 1286 2859 quibusdam
1321 2792 1492 2843 causis
1540 2800 1595 2842 et
1637 2792 1867 2861 negotiis
1913 2792 2150 2844 ecclesiae
2176 2793 2241 2845 de

494 2874 648 2926 Bello
674 2875 1039 2927 transfretavit
1065 2877 1226 2928 abbas
1266 2896 1427 2939 mare,
1455 2877 1661 2945 ivitque
1702 2877 1770 2927 ad
1808 2895 2006 2945 regem.
2083 2875 2241 2929 Inve-

490 2960 750 3028 niensque
808 2959 963 3010 illum
1007 2961 1150 3029 apud
1211 2959 1535 3023 Salmurum,
1602 2961 1925 3028 locutusque
1976 2980 2098 3013 cum
2156 2981 2239 3026 eo,

492 3044 712 3096 consilio
737 3045 938 3113 reginae
965 3044 1181 3113 Angliae
1209 3053 1264 3097 et
1289 3045 1509 3097 Ricardi
1537 3046 1600 3097 de
1627 3045 1766 3097 Luci
1804 3046 1984 3097 fratris
2015 3046 2116 3110 sui,
2146 3047 2242 3115 qui

491 3147 614 3179 cum
654 3147 778 3197 rege
818 3129 896 3180 ibi
937 3130 1174 3192 aderant,
1221 3131 1469 3182 omnibus
1509 3149 1607 3199 pro
1659 3138 1782 3182 voto
1818 3130 1921 3181 rite
1970 3130 2239 3199 perfectis,

491 3231 732 3264 reversus
759 3221 839 3264 est
883 3213 941 3264 in
967 3211 1240 3282 Angliam.
1318 3213 1440 3265 Hoc
1485 3214 1732 3265 nonnulli
1758 3233 1830 3265 ex
1872 3215 2242 3268 ecclesiasticis

492 3297 732 3365 personis
754 3295 970 3366 Angliae
996 3297 1133 3348 male
1156 3307 1494 3366 acceperunt,
1518 3307 1770 3368 putantes
1790 3298 1967 3367 ipsum
1993 3300 2242 3352 abbatem

493 3382 761 3445 insidiose,
791 3400 898 3450 quo
926 3400 1015 3433 eos
1038 3400 1233 3433 exosos
1258 3382 1473 3446 faceret,
1503 3403 1663 3452 opera
1689 3402 1873 3434 eorum
1897 3383 2107 3435 fallacia
2130 3385 2246 3453 regi

493 3466 850 3518 annuntiasse.
926 3465 1134 3518 Verum
1158 3467 1258 3518 hoc
1283 3468 1628 3537 postmodum
1652 3468 1831 3538 patuit
1856 3469 2104 3520 omnibus
2131 3488 2243 3522 esse

554 3568 564 3592 ¹
599 3569 785 3612 Natural
807 3585 884 3613 son
905 3570 954 3614 of
977 3570 1127 3629 Henry
1150 3570 1187 3614 Ι.
1418 3570 1492 3671 ΤΒ.
1521 3570 1866 3671 “toircglfesmm
1892 3571 1934 3614 S.
1954 3568 2182 3616 Michaelis
2199 3572 2244 3627 ;’'

1460 3643 1547 3672 r1ve
1572 3663 1581 3672 .
1602 3643 1646 3686 p.
1723 3662 1731 3670 .
