2398 4152
413 461 446 527 8.
920 467 1200 510 HISTORIA
1237 461 1646 507 FUNDA'rIoNIs

414 602 681 645 annuente
706 592 817 645 vita
840 609 1014 643 comes
1037 590 1220 652 fuerit,
1262 587 1435 640 eidem
1469 587 1587 638 loco
1623 583 2074 655 itaprospiciam,
2100 590 2166 634 ut

417 676 583 744 magis
631 676 681 727 ei
731 675 841 726 vini
891 675 1131 727 abundet
1180 672 1350 742 copia,
1413 689 1574 740 quam
1632 688 1892 739 aquarum
1939 669 1998 720 in
2061 667 2166 719 alia

418 759 693 830 praestanti
743 757 1010 811 abbatia.”
1084 755 1282 807 Denuo
1309 773 1526 824 quoque
1566 753 1674 805 illis
1714 753 1779 805 de
1803 752 1908 804 loci
1933 770 2167 821 conque-

417 844 662 896 rentibus
686 841 1169 912 inopportunitate,
1192 859 1255 891 eo
1273 839 1419 908 quod
1439 838 1643 890 scilicet
1660 856 1757 907 per
1774 836 1971 890 vicinia
1986 836 2168 898 latius,

419 925 501 980 uti
523 947 620 996 per
645 927 883 979 silvestre
911 926 1100 988 solum,
1127 942 1394 992 nusquam
1419 923 1487 974 ad
1511 922 1798 974 aedificium
1823 921 1938 991 apti
1961 920 2166 990 lapides

419 1012 799 1082 reperirentur,
838 1028 938 1063 rex
971 1010 1036 1060 de
1067 1008 1317 1060 thesauro
1362 1025 1459 1058 suo
1499 1007 1567 1058 ad
1592 1006 1770 1060 omnia
1794 1005 2168 1058 sufficientiam

417 1113 719 1166 proponens
757 1102 1086 1164 sumptuum,
1115 1092 1381 1160 delegavit
1419 1091 1580 1143 etiam
1621 1108 1780 1142 naves
1823 1091 1889 1142 de
1931 1089 2168 1159 proprio,

419 1180 615 1250 quibus
655 1199 686 1231 a
712 1178 1027 1231 Cadomensi
1069 1177 1184 1230 vico
1228 1175 1469 1245 lapidum
1509 1174 1662 1244 copia
1700 1175 1766 1227 ad
1802 1192 1936 1244 opus
1975 1192 2171 1243 propo-

417 1265 581 1316 situm
606 1263 1052 1315 transveheretur.
1113 1259 1358 1328 Cumque
1381 1267 1646 1311 statutum
1669 1258 1810 1327 regis
1835 1266 2171 1327 exequentes

417 1348 744 1416 aliquantam
769 1347 834 1398 de
861 1344 1190 1397 Normannia
1223 1344 1462 1413 lapidum
1486 1343 1788 1412 portionem
1813 1342 2172 1405 advexissent,

419 1431 651 1494 interim,
673 1439 737 1483 ut
755 1430 944 1494 fertur,
970 1437 1228 1481 matronae
1249 1428 1460 1481 cuidam
1478 1428 1744 1496 religiosae
1760 1427 2052 1480 revelatum
2074 1434 2173 1490 est,

423 1515 673 1583 quatinus
699 1515 756 1566 in
782 1515 1057 1582 designato
1077 1514 1178 1565 sibi
1203 1533 1300 1583 per
1323 1514 1496 1565 visum
1520 1513 1638 1565 loco
1662 1512 1946 1575 fodientes,
1972 1511 2175 1563 ibidem
2257 1525 2263 1529 ·

421 1600 489 1650 ad
523 1618 656 1668 opus
692 1598 1124 1668 praemeditatum
1157 1597 1396 1666 lapidum
1432 1597 1736 1649 invenirent
1774 1595 2173 1648 abundantiam.

424 1684 551 1735 Non
575 1683 732 1751 longe
759 1683 943 1752 itaque
969 1702 1000 1734 a
1024 1682 1345 1752 praesignato
1371 1682 1607 1734 ecclesiae
1633 1682 1858 1745 ambitu,
1885 1688 1949 1734 ut
1965 1682 2178 1751 jussum

422 1767 616 1831 fuerat,
674 1776 994 1836 quaerenteS,
1037 1775 1242 1820 tantam
1291 1786 1351 1819 ac
1386 1768 1549 1819 talem
1582 1767 1823 1837 lapidum
1865 1772 2181 1835 repererunt

425 1851 647 1922 copiam,
682 1860 748 1904 ut
779 1851 1060 1904 manifeste
1094 1859 1304 1921 pateret
1337 1851 1474 1903 inibi
1509 1852 1766 1904 divinitus
1801 1852 1868 1906 ad
1902 1849 2178 1922 praedesti-

424 1945 612 1988 natum
661 1955 796 2006 opus
858 1937 1097 2005 lapidum
1163 1937 1230 1987 ab
1290 1955 1402 1988 aevo
1464 1937 1801 1988 reconditum
1850 1937 2178 1989 thesaurum.

428 2020 462 2071 J
464 2020 594 2072 actis
653 2039 779 2089 ergo
822 2021 1038 2072 tandem
1077 2020 1441 2072 fundamentis
1485 2022 1914 2090 praestantissimi
1954 2029 2017 2074 ut
2051 2031 2182 2074 tunc

428 2105 682 2174 temporis
706 2105 1004 2157 habebatur
1030 2105 1222 2174 operis,
1246 2106 1538 2157 secundum
1562 2107 1702 2175 regis
1727 2114 1990 2158 statutum
2015 2107 2181 2159 altare

429 2191 601 2259 majus
635 2189 692 2240 in
738 2190 926 2241 eodem
974 2189 1091 2241 loco
1143 2208 1251 2258 quo
1292 2190 1434 2258 regis
1485 2190 1713 2242 Haraldi
1763 2191 1992 2260 signum,
2036 2194 2183 2262 quod

434 2274 697 2327 Standard
721 2282 928 2337 vocant,
957 2273 1216 2325 corruisse
1242 2273 1415 2326 visum
1435 2282 1534 2338 est,
1561 2275 1780 2343 provide
1806 2284 2068 2330 statuunt.
2109 2279 2186 2332 Et

429 2357 558 2410 licet
581 2358 908 2427 peritissimi,
928 2377 1037 2410 non
1061 2358 1154 2409 vili
1181 2358 1497 2411 commercio
1522 2360 1693 2424 asciti,
1721 2362 1870 2431 operi
1894 2372 2187 2432 praeessent

430 2442 676 2505 artifices,
722 2448 901 2491 tamen
946 2439 1291 2490 exactoribus
1333 2440 1456 2509 plus
1522 2441 1754 2510 propriis
1815 2462 1975 2511 quam
2019 2445 2188 2497 Jhesu

434 2526 633 2578 Christi
659 2523 872 2587 deditis,
914 2523 1276 2592 negligentius
1302 2524 1468 2593 coepti
1492 2525 1712 2590 fabrica,
1749 2535 1812 2579 ut
1849 2530 2186 2598 specietenus

432 2611 499 2661 ad
521 2611 622 2662 hoc
660 2608 825 2678 magis
861 2627 1021 2676 quam
1059 2607 1238 2659 studio
1264 2607 1661 2674 intendentium,
1687 2612 2019 2680 proficiebat.
2096 2615 2189 2668 In-

434 2695 591 2746 terim
635 2711 851 2763 quoque
901 2700 957 2743 et
1004 2691 1145 2743 infra
1194 2692 1532 2761 designatum
1573 2698 1883 2749 monasterii
1928 2699 2192 2753 ambitum

436 2779 651 2830 sibimet
690 2778 832 2829 idem
857 2776 1047 2828 fratres
1083 2776 1480 2846 insumptuosas
1520 2780 1738 2848 quidem
1779 2801 1887 2851 quo
1937 2784 2195 2852 degerent

439 2863 786 2915 domunculas
832 2862 1114 2914 aedificant.
1211 2862 1409 2932 Sicque
1453 2864 1687 2916 interdiu
1729 2883 1899 2919 scaevo
1943 2870 2193 2940 exemplo

438 2949 495 2999 in
520 2947 741 3010 exorsis,
779 2947 863 2998 die
905 2946 1048 2997 diem
1081 2948 1481 3011 recrastinante,
1519 2958 1574 3000 et
1606 2952 1767 3015 regiae
1807 2971 1934 3021 opes
1970 2972 2092 3021 quae
2127 2956 2195 3007 ad

438 3032 656 3084 fabricae
699 3032 1136 3083 accelerationem
1179 3052 1277 3103 pro
1320 3034 1484 3086 libitu
1528 3036 1789 3087 cedebant
1827 3056 1924 3106 pro
1950 3038 2113 3091 libitu
2139 3049 2195 3093 et

438 3116 826 3185 dispensantur,
847 3117 1125 3185 multaque
1146 3137 1217 3169 ex
1238 3120 1477 3188 ejusdem
1494 3120 1635 3189 regis
1657 3121 1848 3174 devota
1870 3122 2194 3180 liberalitate

437 3200 566 3251 illuc
588 3201 779 3252 collata
802 3200 1086 3252 indiscrete
1114 3202 1501 3256 distrahuntur.

512 3284 648 3336 Haec
673 3285 740 3336 ad
766 3285 1139 3338 declarandum
1163 3287 1430 3355 magnifici
1454 3289 1594 3357 regis
1629 3290 1868 3343 studium
1901 3311 1998 3344 nos
2031 3294 2197 3347 inter-

441 3369 664 3420 seruisse
700 3369 837 3420 nulli
876 3370 946 3420 sit
982 3389 1281 3434 onerosum,
1312 3372 1439 3440 quia
1474 3373 1618 3437 licet,
1658 3383 1720 3426 ut
1758 3395 1916 3446 supra
1953 3379 2198 3431 memini-

440 3470 576 3515 mUS,
620 3454 912 3506 innumeris
949 3456 1190 3508 irretitus
1227 3458 1474 3526 negotiis,
1513 3478 1612 3510 nec
1649 3460 1826 3512 locum
1862 3479 1975 3531 prae
2014 3465 2195 3518 dolore

440 3534 630 3588 intimo
670 3539 831 3601 adire,
871 3559 969 3591 nec
1008 3542 1073 3592 de
1113 3542 1317 3605 eodem,
1347 3560 1469 3612 quae
1494 3555 1862 3613 proposuerat,
1888 3548 2198 3617 hujusmodi

441 3618 578 3670 forte
603 3621 950 3675 dilationibus
976 3624 1386 3691 circumventus,
1415 3628 1615 3696 exequi
1640 3629 1884 3696 valuerit,
1916 3639 2095 3711 tamen
2130 3641 2195 3686 ut
