2398 4152
1479 2 1490 5 “
1511 10 1518 23 x
1545 21 1549 23 ,
1561 0 1870 27 ..9,*ῠῑ-τ9ᾞνι--υ-ῑιῆφ·

676 484 1038 526 MONASTERII
1078 484 1158 525 DE
1200 484 1401 524 BELLo.
1874 474 1904 524 9

5 622 27 644 ⁶·
180 609 237 659 in
277 608 360 659 his
403 609 562 660 etiam
603 626 784 659 revera
822 607 1033 676 probari
1074 614 1253 675 potest
1300 613 1499 657 tantam
1543 605 1758 656 initians
1801 605 1909 656 suis

181 691 457 760 proposuit
481 690 869 753 sufficientiam,
895 698 958 754 ut
982 689 1147 759 ipsius
1174 708 1386 758 quoque
1414 689 1623 741 devotio
1647 688 1909 758 perpetim

182 775 342 843 digna
365 774 434 825 sit
457 773 741 825 memoriae.

203 895 205 898 ι
256 857 524 909 Praeterea
570 857 706 908 sicut
753 856 1108 919 meminimUS,
1154 874 1265 906 sese
1302 863 1482 906 tamen
1519 856 1676 907 rebus
1712 855 1910 906 haben·
1932 872 2060 904 nobert
2072 871 2174 902 man-

186 941 348 1004 tibus,
392 940 505 1008 regi
543 948 851 1008 suggestum
893 947 990 1000 est,
1036 938 1287 1007 quatinus
1329 957 1400 989 ex
1452 938 1534 989 his
1590 957 1774 1000 unum,
1817 937 1911 1005 qui
1930 912 2176 994 ἷξῗῖιῗὲἐυῗξιῖιᾶἶ

187 1023 337 1075 asciti
378 1023 608 1086 fuerant,
644 1022 912 1084 fratribuS,
952 1021 1039 1072 cui
1077 1021 1258 1072 caeteri
1282 1021 1637 1083 intenderent,
1667 1022 1912 1072 abbatem

187 1105 321 1157 inibi
365 1106 676 1173 praeficeret.
768 1104 988 1155 Electus
1035 1103 1201 1171 igitur
1248 1104 1315 1154 ad
1360 1103 1460 1154 hoc
1499 1105 1914 1171 praenominatus

190 1189 486 1240 Rotbertus
535 1187 795 1239 Blancard
846 1186 1133 1255 perniciter
1197 1185 1469 1237 ecclesiam
1523 1205 1687 1250 suam,
1733 1187 1914 1255 Majus

194 1271 439 1323 videlicet
463 1270 871 1333 Monasterium,
899 1270 1177 1321 devotione
1204 1270 1394 1320 ductus
1419 1269 1568 1332 adiit,
1606 1278 1768 1338 atque
1795 1274 1928 1321 cum¹

191 1355 427 1407 omnium
451 1353 902 1422 congratulatione
926 1352 1244 1420 regrediens,
1272 1370 1392 1403 cum
1410 1354 1522 1421 jam
1548 1354 1728 1404 oceani
1751 1373 1916 1423 prope

191 1438 539 1508 persulcasset
593 1455 824 1505 aequora,
888 1435 1141 1503 Angliam
1200 1436 1509 1498 intraturus,
1573 1437 1751 1488 divino
1812 1456 1920 1505 quo

192 1521 463 1589 ignoratur
486 1521 759 1572 commotis
783 1520 1033 1572 fluctibus
1051 1520 1272 1588 judicio,
1300 1520 1450 1571 saevis
1484 1521 1763 1589 absorptus
1799 1540 1921 1589 gur-

194 1605 413 1673 gitibus,
437 1605 672 1672 regimen
695 1604 1044 1673 propositum,
1085 1622 1112 1654 e
1137 1604 1335 1654 mundo
1361 1604 1618 1667 sublatuS,
1657 1605 1724 1654 ad
1759 1605 1922 1655 alium

195 1688 374 1739 divina
398 1688 741 1757 dispositione
774 1686 1209 1755 praedestinatum
1242 1686 1545 1738 transmisit.
1622 1686 1747 1740 Quo
1785 1706 1924 1739 com-

195 1779 365 1840 perto,
410 1779 465 1822 et
506 1771 719 1822 tandem
762 1771 920 1838 regiis
968 1769 1184 1820 auribus
1239 1769 1500 1837 exposito,
1541 1771 1926 1821 communicato

197 1856 384 1907 itidem
432 1854 668 1916 consilio,
717 1853 862 1904 misit
903 1852 1190 1922 praedictus
1238 1852 1543 1903 Willelmus
1604 1853 1775 1904 Faber
1832 1853 1925 1922 qui

200 1939 365 1991 totius
402 1938 505 1989 loci
542 1956 720 1989 curam
761 1936 1177 1997 administrabat,
1217 1943 1272 1986 et
1313 1954 1343 1986 a
1376 1936 1572 2003 Majori
1598 1936 1927 1988 Monasterio

199 2023 422 2074 alterum
442 2022 659 2072 fratrem
683 2021 749 2071 ad
767 2021 1005 2089 ejusdem
1024 2019 1252 2070 abbatiae
1276 2019 1511 2086 regimen
1535 2020 1928 2088 suscipiendum

199 2106 399 2169 ascivit,
451 2104 812 2155 Gausbertum
849 2103 1080 2166 nomine,
1128 2102 1301 2154 virum
1360 2103 1630 2170 religionis
1691 2120 1926 2165 summae,

199 2187 618 2240 mansuetudinis
664 2206 723 2238 ac
770 2186 1054 2255 multiplici
1102 2186 1364 2237 virtutum
1419 2186 1730 2254 insignitum
1787 2188 1927 2239 dote.

204 2273 382 2327 Quem
415 2272 479 2323 ad
508 2271 842 2339 designatum
878 2270 1221 2321 festinantem
1254 2269 1430 2320 locum
1457 2278 1686 2338 quatuor
1711 2289 1782 2320 ex
1807 2289 1930 2321 con-

201 2355 467 2408 sodalibus
492 2354 661 2406 secuti
685 2362 810 2405 sunt
831 2354 1038 2415 fratres,
1065 2352 1099 2403 J
1101 2353 1330 2403 ohannes
1355 2353 1571 2415 scilicet,
1595 2353 1929 2415 Hamelinus,

203 2439 487 2501 AinarduS,
514 2437 839 2499 Leffelmus,¹
876 2436 968 2504 qui
995 2435 1152 2487 simul
1176 2454 1296 2486 cum
1321 2455 1382 2486 eo
1406 2455 1654 2505 prospere
1679 2436 1933 2504 Angliam

203 2521 412 2591 appulsi
437 2522 502 2573 ad
528 2521 850 2572 destinatum
874 2520 1066 2570 hilares
1089 2520 1265 2570 locum
1290 2529 1659 2587 pervenerunt.

277 2604 421 2656 Hinc
469 2613 648 2655 autem
701 2603 886 2654 eodem
924 2602 1213 2653 venerabili
1249 2602 1360 2652 viro
1401 2602 1720 2666 Gausberto,
1773 2603 1934 2672 regiae
1955 2616 2142 2655 A.n.1076.

205 2697 344 2740 nutu
388 2687 696 2756 majestatis,
724 2686 861 2737 circa
896 2686 976 2737 M.
1004 2686 1175 2737 lxxvi.
1216 2685 1514 2736 Dominicae
1562 2686 1935 2739 incarnationis
1954 2659 2149 2732 ssffissfflz„

207 2790 420 2835 annum,
456 2770 513 2821 in
551 2769 780 2821 abbatiae
817 2769 1054 2836 regimen
1091 2768 1319 2820 feliciter
1360 2777 1620 2836 promoto,
1663 2778 1717 2820 et
1764 2789 1938 2821 coram

208 2856 371 2907 altare
421 2854 588 2905 sancti
630 2847 854 2904 Martini
898 2854 961 2904 de
1012 2852 1164 2903 Bello
1211 2852 1510 2915 benedicto,
1562 2862 1616 2904 et
1663 2854 1719 2903 in
1762 2855 1939 2904 sedem

210 2957 357 2990 suam
393 2938 581 2999 locato,
610 2937 776 3005 coepit
814 2937 911 2987 sub
950 2954 1012 2985 eo
1039 2943 1093 2986 et
1132 2935 1367 2986 ecclesiae
1392 2936 1608 3000 fabrica,
1635 2944 1691 2987 et
1714 2936 1939 2987 fratrum

209 3021 464 3090 paulatim
486 3038 755 3083 numerus,
782 3019 1052 3088 proficere.

281 3105 409 3156 Rex
445 3104 611 3171 igitur
651 3103 962 3172 magnificus
1001 3102 1234 3153 inchoati
1278 3104 1451 3172 operis
1492 3122 1599 3154 non
1642 3104 1938 3164 indevotus,

211 3188 277 3238 ad
317 3187 551 3239 victoriae
595 3203 705 3238 suae
749 3187 1166 3256 perpetuandam
1207 3188 1512 3238 memoriam
1553 3188 1728 3254 ipsum
1767 3187 1943 3237 locum

214 3270 424 3323 Bellum
474 3272 779 3322 memoriter
837 3288 932 3338 per
993 3269 1327 3320 succedentia
1386 3278 1626 3338 tempora
1683 3269 1945 3321 nominari

214 3355 433 3406 censuit.
529 3354 631 3406 Cui
667 3354 724 3404 in
758 3353 943 3422 primis
986 3353 1195 3419 leugam
1237 3352 1694 3422 circumjacentem
1730 3354 1946 3421 penitus

214 3445 279 3495 ab
306 3444 448 3495 omni
474 3445 750 3496 exactione
775 3444 859 3495 vel
885 3442 1211 3511 subjectione
1240 3442 1622 3510 episcoporum,
1650 3451 1705 3494 et
1728 3443 1947 3494 aliarum

275 3574 290 3600 ¹
320 3573 575 3616 Leffelmus:
619 3588 698 3615 one
734 3574 780 3614 of
816 3573 886 3614 the
924 3586 1039 3614 same
1128 3571 1353 3614 formation
1375 3572 1423 3614 of
1452 3572 1524 3614 the
1552 3572 1726 3629 Survey.
1791 3573 1886 3615 Sus.
1919 3571 1948 3614 f.

219 3645 340 3673 name
360 3630 460 3674 held
489 3630 611 3673 lands
642 3631 685 3672 in
712 3631 870 3672 Sussex
903 3637 944 3671 at
968 3629 1041 3670 the
1130 3631 1199 3681 23,
1220 3628 1260 3670 b.
