2398 4152
689 469 1050 510 MONASTERH
1092 469 1171 508 DE
1212 468 1416 508 BELLo.
1849 457 1914 508 61

196 594 555 662 episcopatum
595 592 863 643 Cicestriae
898 592 1094 644 electus
1142 592 1351 654 fuerat,¹
1391 591 1623 642 ecclesiae
1662 592 1726 643 de
1767 592 1919 643 Bello

195 675 507 726 monachum
546 674 975 726 Cantuariensem
1012 676 1272 744 quendam
1310 675 1650 727 Warnerium
1685 677 1915 739 nomine,

194 758 364 808 virum
389 757 660 820 modestia,
683 758 955 826 sapientia,
974 777 1032 809 ac
1058 759 1355 808 litteratura
1379 776 1657 820 summum,
1676 760 1917 810 abbatem

194 841 466 909 delegavit.
559 841 685 894 Quo
725 841 780 891 in
819 842 1107 892 ebdomada
1146 851 1266 909 post
1307 842 1540 892 medium
1588 842 1665 894 xl.
1718 843 1919 892 stabili-

193 933 371 975 mento
414 924 737 986 confirmato,
773 924 1027 991 praedicto
1066 924 1240 991 priore
1283 932 1545 974 maturato
1584 926 1758 977 reditu
1799 944 1917 976 cum

195 1007 302 1057 suis
327 1007 665 1075 repatriante,
707 1006 937 1057 Sabbato
963 1014 1085 1057 ante
1112 1006 1445 1056 Dominicam
1473 1006 1788 1070 Palmarum,
1815 1009 1918 1058 illis

193 1091 407 1141 domum
430 1090 692 1158 regressis,
720 1108 848 1140 mox
875 1089 1039 1140 totius
1063 1089 1289 1139 abbatiae
1317 1107 1442 1139 cura
1466 1090 1523 1139 in
1541 1091 1632 1158 jus
1655 1091 1914 1158 praedicti,

192 1173 257 1224 ad
281 1172 517 1240 ejusdem
546 1172 779 1240 regimen
805 1172 975 1234 electi,
1001 1172 1175 1222 locum
1220 1171 1313 1238 qui
1351 1181 1612 1239 praeerant
1651 1174 1914 1237 dantibus,

192 1255 401 1306 redacta
462 1263 557 1306 est.
651 1254 890 1306 Paschali
951 1273 1072 1322 ergo
1133 1254 1440 1305 imminente
1502 1263 1737 1323 tempore
1799 1275 1918 1307 cum

194 1339 406 1391 domino
480 1338 851 1407 archipraesule
913 1337 1185 1389 Willelmo
1262 1337 1547 1405 praedictus
1608 1338 1919 1389 Warnerius

196 1421 444 1484 Angliam
483 1421 712 1482 advenit,
750 1420 1016 1488 tertioque
1065 1429 1186 1488 post
1229 1419 1446 1471 Paschae
1500 1421 1919 1489 solempnitatem

195 1504 476 1555 Dominico
516 1503 619 1565 die,
653 1503 961 1571 priusquam
1000 1503 1082 1553 sui
1119 1503 1387 1570 regiminis
1413 1504 1606 1554 adisset
1631 1505 1917 1567 ecclesiam,

195 1587 560 1638 benedictione
586 1586 771 1655 petita,
800 1594 952 1636 sexta
977 1585 1165 1636 dehinc
1192 1585 1340 1648 feria,
1370 1603 1491 1653 quae
1518 1587 1628 1638 dies
1654 1595 1781 1638 tunc
1808 1597 1920 1639 erat

195 1673 375 1721 octavo
412 1670 660 1721 kalendas
686 1670 837 1731 Maii,
864 1670 918 1721 in
960 1668 1178 1720 ecclesia
1215 1669 1314 1720 sibi
1354 1671 1627 1721 commissa
1664 1672 1727 1721 de
1768 1672 1918 1722 Bello
1939 1686 2033 1727 April
2049 1691 2101 1717 24.

193 1753 380 1804 festive
419 1762 482 1803 ut
525 1753 743 1804 decebat
784 1760 1058 1820 susceptus
1096 1761 1190 1804 est.
1267 1753 1511 1821 Adeptus
1551 1772 1673 1820 ergo
1710 1754 1919 1805 culmen

194 1836 464 1904 regiminis
489 1836 654 1904 coepit
679 1835 931 1886 continuo
957 1836 1115 1886 abbas
1135 1835 1462 1898 Warnerius,
1489 1838 1785 1904 prudentiae
1813 1856 1919 1905 quo

195 1918 416 1970 callebat
440 1919 633 1981 studio,
661 1919 875 1970 domum
900 1938 930 1969 a
954 1919 1111 1986 regiis
1137 1919 1390 1970 ministris
1414 1919 1739 1972 multimodis
1771 1922 1920 1971 dissi-

194 2012 370 2071 patam
411 2003 667 2072 paulatim
706 2010 1017 2063 restaurare,
1063 2002 1386 2069 adquietare,
1429 2011 1482 2054 et
1529 2003 1586 2053 in
1638 2004 1920 2071 pristinum

196 2094 391 2137 statum
416 2105 737 2154 promovere.
815 2085 958 2138 Quia
976 2104 1097 2136 vero
1123 2085 1266 2136 illius
1292 2086 1414 2136 anni
1441 2086 1717 2137 sterilitate
1736 2106 1924 2154 magna

197 2187 404 2220 omnem
428 2176 620 2220 terram
644 2176 988 2237 occupaverat
1013 2177 1230 2236 egestaS,
1258 2169 1391 2219 mira
1428 2169 1708 2237 probitatis
1746 2171 1923 2220 indus-

197 2252 297 2301 tria
320 2252 622 2319 importuna
644 2251 955 2320 opportunis
999 2269 1296 2318 coaequans,
1323 2251 1609 2303 honorifice
1644 2263 1705 2305 ut
1731 2253 1922 2304 summi

199 2334 600 2385 Patrisfamilias
646 2335 802 2385 fidele
859 2334 1198 2401 mancipium,
1255 2335 1581 2385 commissam
1639 2336 1921 2404 disponens

199 2418 427 2482 domum,
455 2418 689 2486 inopiam
714 2417 986 2486 opulentia
1009 2417 1065 2466 in
1088 2417 1235 2468 brevi
1261 2418 1542 2485 superavit.

270 2500 415 2554 Quia
435 2519 575 2564 vero,
603 2510 664 2552 ut
690 2520 848 2568 supra
871 2500 1224 2563 meminimus,
1251 2519 1350 2551 rex
1374 2501 1630 2568 praefatus
1657 2502 1922 2554 Henricus
1943 2514 2016 2545 The
2033 2512 2128 2554 King

1944 2555 2070 2586 exchan
2074 2564 2133 2595 ges

198 2602 292 2635 sua
328 2584 690 2634 munificentia
724 2584 895 2634 eidem
920 2584 1035 2633 loco
1064 2583 1121 2632 in
1142 2583 1340 2634 Wallia
1367 2586 1627 2652 quandam
1654 2585 1923 2636 ecclesiam
1943 2597 2122 2667 Ιῐιιὲΐιέιέἓῐέἇτ

197 2668 261 2718 de
289 2667 594 2718 Carmerdin
618 2685 738 2718 cum
761 2666 1153 2735 pertinentibus
1179 2667 1489 2730 contulerat,
1508 2668 1600 2719 ubi
1611 2670 1720 2737 jam
1736 2669 1924 2719 fratres
1945 2677 2168 2749 {fflffissh

198 2752 262 2802 ad
307 2750 425 2801 Deo
466 2750 796 2800 serviendum
836 2750 1052 2800 adunati
1094 2749 1322 2811 fuerant,
1369 2751 1646 2820 episcopus
1687 2752 1925 2820 ejusdem
2172 2740 2181 2750 ’

197 2833 483 2902 provinciae
501 2840 505 2842 ’
522 2833 850 2884 Bernardus2
888 2832 991 2883 loci
1025 2832 1237 2883 illectus
1263 2834 1588 2897 amoenitate,
1615 2835 1748 2885 miro
1775 2835 1924 2903 cupi-

199 2916 337 2967 dinis
375 2917 556 2967 ardore
601 2917 975 2984 quoquomodo
1020 2916 1238 2966 eandem
1279 2917 1550 2968 ecclesiam
1589 2918 1644 2967 in
1680 2919 1770 2986 jus
1804 2937 1925 2986 pro-

199 3000 374 3067 prium
411 2999 729 3050 moliebatur
757 2999 1015 3067 redigere.
1093 2998 1229 3049 Cum
1256 2999 1421 3066 igitur
1444 3001 1565 3051 hinc
1590 3001 1924 3069 frequentius

201 3091 254 3133 et
277 3083 436 3151 regiae
464 3101 695 3150 quoque,
723 3091 829 3133 tam
860 3101 889 3132 a
912 3101 965 3132 se
1001 3100 1159 3149 quam
1187 3090 1240 3132 et
1273 3102 1303 3132 a
1327 3083 1434 3133 suis
1461 3084 1722 3145 obaeratiS,
1750 3084 1926 3151 pulsa-

200 3175 382 3217 rentur
415 3185 583 3229 aures,
626 3167 836 3217 tandem
870 3166 927 3215 in
961 3166 1165 3216 abbatis
1191 3166 1458 3216 Warnerii
1485 3167 1742 3217 electione
1768 3167 1927 3236 hujus

202 3267 371 3300 causae
420 3249 661 3300 absoluta
706 3248 1018 3315 quaestione,
1069 3266 1098 3297 a
1131 3266 1253 3315 rege
1303 3248 1549 3317 episcopo
1598 3250 1738 3300 idem
1781 3250 1927 3301 locus

261 3409 272 3434 ¹
305 3409 408 3451 This
429 3423 541 3466 year.
594 3410 672 3451 See
690 3409 804 3452 Flor.
824 3409 1019 3464 Wigorn.
1160 3408 1176 3431 ²
1203 3409 1406 3464 Bernard,
1424 3409 1584 3468 Bishop
1599 3411 1646 3452 of
1656 3411 1716 3455 St.
1736 3411 1924 3466 David's,

201 3466 244 3507 in
265 3480 303 3508 a.
325 3469 434 3508 1125
453 3482 463 3517 3
494 3466 588 3508 who
624 3466 752 3508 refers
774 3465 861 3507 also
883 3474 926 3507 to
949 3466 1020 3507 the
1101 3465 1263 3507 elected
1284 3466 1326 3507 in
1352 3470 1478 3509 1115.

199 3530 316 3578 great
358 3523 514 3566 famine
549 3523 632 3566 and
671 3525 725 3565 its
762 3530 1021 3579 consequent

202 3578 429 3636 mortality.
