2398 4152
32 1837 74 1978 Ξ.

53 1949 60 1975 ὶ

665 454 1026 516 MoNAsTERn
1069 472 1148 512 DE
1185 471 1387 513 BELLo.
1774 454 1877 511 137

144 595 256 652 erat
278 596 651 669 poenitentiam
673 616 850 666 agens·
927 601 962 627 “
976 596 1102 649 Non
1127 605 1210 648 est
1233 596 1374 647 enim
1397 595 1558 646 homo
1596 594 1690 662 qui
1715 593 1875 655 vivat,

145 692 201 736 et
225 702 331 734 non
355 689 555 751 peccet.
570 681 598 702 ”
673 681 1011 732 Sacramenta
1047 680 1392 731 nihilominus
1427 678 1659 747 corporis
1682 685 1737 728 et
1760 684 1878 727 s'an-

143 766 318 836 guinis
343 764 564 816 Domini
588 764 899 832 frequenter
932 763 1223 831 suscipiens
1265 762 1430 831 priori
1464 760 1768 812 monasterii
1794 759 1878 811 sui

144 848 292 900 dedit
314 848 371 899 in
395 847 672 909 mandatis,
699 854 763 897 ut
786 847 853 897 ad
878 864 931 896 se
957 864 1077 896 cum
1103 845 1420 913 quibusdam
1444 844 1712 905 fratribus,
1733 850 1879 911 post-

141 932 316 1001 posita
339 931 546 982 veniret
588 929 858 981 dilatione.
933 927 1199 979 Veniente
1244 927 1533 978 secundum
1572 926 1878 976 mandatum

141 1015 308 1084 ipsius
346 1014 520 1083 priore
564 1032 686 1065 cum
721 1011 992 1074 fratribus,
1036 1010 1203 1080 coepit
1236 1010 1518 1077 diligenter
1555 1009 1718 1060 etiam
1759 1027 1878 1059 cum

137 1117 206 1150 -eo
246 1098 310 1148 de
350 1097 518 1158 salute
562 1095 752 1147 animae
787 1110 897 1145 suae
933 1112 1105 1161 agere,
1147 1102 1202 1144 et
1242 1101 1349 1143 tam
1387 1094 1451 1143 ab
1490 1092 1623 1159 ipso,
1653 1109 1813 1159 quam
1848 1109 1879 1140 a

145 1180 398 1236 fratribus
433 1178 527 1247 qui
567 1196 688 1229 cum
727 1178 793 1228 'eo
833 1185 999 1239 erant,
1043 1176 1106 1226 de
1152 1175 1396 1226 omnibus
1437 1174 1634 1243 quibus
1669 1191 1758 1224 eos
1784 1191 1876 1223 seu

143 1264 334 1316 merito
377 1280 472 1313 seu
513 1261 778 1312 immerito
818 1259 1217 1311 contristaverat
1259 1257 1645 1326 indulgentiam
1676 1264 1877 1325 petere,

15 1365 70 1419 *ᾗ
142 1347 291 1416 prius
333 1345 408 1397 eis
457 1344 648 1396 similia
695 1343 989 1395 remittens.
1081 1342 1234 1393 Prior
1280 1346 1408 1394 vero
1455 1360 1576 1392 cum
1623 1339 1879 1391 fratribus

143 1430 309 1481 totius
347 1435 635 1480 conventus
660 1427 802 1479 vices
840 1444 1016 1494 agens,
1044 1425 1094 1475 ei
1133 1426 1196 1494 de
1223 1425 1469 1476 omnibus
1507 1443 1605 1493 pro
1633 1423 1879 1474 omnibus

141 1512 382 1575 indulsit,
429 1512 773 1579 omniumque
809 1528 898 1561 ore
938 1508 1235 1560 benedixit.
1313 1508 1641 1559 Benedicens
1679 1515 1734 1557 et
1769 1525 1880 1557 om-

45 1587 71 1611 *
145 1597 303 1648 nibus
345 1596 458 1664 ipse
482 1603 704 1664 paterno
740 1593 950 1655 affectu,
993 1592 1281 1642 sententias
1308 1591 1491 1659 quavis
1517 1591 1786 1642 occasione
1825 1590 1883 1644 in

146 1679 410 1749 quoslibet
440 1679 665 1730 fratrum
689 1677 1061 1746 praecipitabas
1091 1676 1366 1738 relaxavit,
1395 1694 1574 1726 omnes
1600 1693 1670 1725 ex
1708 1673 1882 1724 officio

142 1762 391 1832 pastorali
419 1781 525 1829 quo
550 1761 873 1829 fungebatur
898 1759 1137 1811 absolvit.
1217 1759 1354 1810 Cum
1377 1777 1500 1810 vero
1524 1777 1622 1826 per
1647 1757 1882 1826 singulos

145 1847 256 1898 dies
297 1846 497 1896 viribus
547 1845 779 1914 corporis
827 1845 1222 1905 destitueretur,
1273 1842 1582 1894 visitaturus
1633 1859 1755 1891 eum
1802 1840 1884 1891 vir

144 1929 364 1980 illustris
390 1929 650 1980 RIcardus
684 1930 748 1980 de
783 1928 919 1980 Luci
943 1928 1108 1978 frater
1144 1928 1258 1996 ejus
1301 1925 1530 1987 advenit,
1557 1924 1775 1992 visoque
1819 1942 1883 1974 eo

146 2013 420 2081 fretusque
471 2012 753 2080 colloquio,
780 2030 926 2061 ⁴cum
974 2028 1133 2078 super
1181 2028 1243 2060 eo
1294 2007 1507 2059 sanitati
1553 2008 1883 2058 restituendo

147 2114 292 2165 spem
316 2095 518 2146 nullam
544 2095 846 2164 conciperet
872 2094 1122 2162 quatinus
1149 2092 1391 2143 celeriter
1416 2092 1482 2142 ad
1506 2089 1884 2141 monasterium

147 2198 300 2231 suum
325 2179 693 2247 deportaretur
717 2177 1011 2229 admonuit.
1090 2176 1176 2227 Ne
1213 2175 1345 2244 quid
1375 2193 1558 2225 eorum
1586 2191 1708 2243 quae
1734 2180 1886 2223 tenet

23 2263 77 2325 ἦ,
148 2262 414 2314 institutio
482 2260 831 2312 ecclesiastica
888 2259 1195 2328 properanti
1256 2259 1323 2310 ad
1370 2257 1652 2308 transitum
1701 2257 1881 2308 deesse

22 2380 28 2384 -
67 2363 88 2402 χ
148 2346 432 2408 videretur,
477 2363 601 2395 sana
632 2351 809 2394 mente
850 2361 1083 2410 sanoque
1127 2342 1409 2392 intellectu
1452 2359 1658 2409 semper
1701 2339 1881 2389 Deum

147 2429 393 2480 invocans
418 2428 631 2478 tandem
655 2427 950 2495 inungitur,
980 2425 1160 2493 sicque
1185 2425 1384 2475 feretro
1404 2424 1702 2492 impositUS,
1730 2422 1884 2490 equis

151 2511 551 2580 deportantibus
600 2528 770 2578 usque
826 2509 1040 2559 Bellum
1093 2507 1489 2559 transvehitur.1
1539 2519 1542 2521 ’
1587 2506 1712 2560 Quo
1760 2524 1883 2574 per-

149 2595 363 2656 veniens
381 2594 493 2663 jam
518 2593 732 2644 omnino
755 2600 867 2643 erat
892 2592 1003 2642 sine
1031 2597 1177 2654 voce,
1201 2590 1311 2641 solo
1349 2590 1541 2659 spiritu
1573 2589 1631 2640 in
1662 2596 1882 2657 pectore

149 2678 460 2747 palpitante.
536 2675 843 2727 Accurrunt
869 2693 988 2726 cum
1013 2676 1218 2742 gemitu
1231 2675 1347 2737 filii,
1374 2682 1578 2743 patrem
1596 2673 1882 2742 plusquam

149 2761 460 2813 seminecem
500 2761 720 2829 jamque
779 2759 1094 2826 migrantem
1142 2758 1323 2822 visuri,
1375 2777 1482 2809 non
1532 2766 1710 2808 tamen
1771 2757 1887 2824 ejus

151 2844 414 2913 colloquio
439 2843 675 2895 fruituri.
753 2841 1035 2893 Accedunt
1059 2842 1254 2909 singuli
1281 2842 1353 2892 sic
1373 2842 1639 2910 jacentem
1666 2841 1885 2891 deoscu-

149 2928 332 2991 lanteS,
361 2935 414 2978 et
439 2928 503 2979 de
530 2935 721 2978 caetero
749 2926 875 2994 quia
911 2925 1022 2976 dies
1060 2925 1366 2976 illucescere
1391 2925 1669 2975 videbatur
1700 2924 1884 2974 horam

150 3011 469 3079 incognitam
494 3018 857 3079 expectanteS,
880 3009 1196 3076 exitumque
1223 3027 1380 3058 suum
1406 3008 1702 3059 orationum
1730 3007 1886 3057 devo-

151 3095 293 3146 tione
318 3094 635 3145 munientes.
711 3092 830 3143 Jam
863 3100 1072 3143 noctem
1117 3110 1235 3142 cum
1277 3092 1361 3142 die
1404 3092 1762 3158 subsequente
1812 3089 1885 3139 sic

152 3178 260 3229 solo
286 3177 478 3247 spiritu
501 3177 768 3246 palpitans
794 3182 1134 3241 transegerat,
1162 3192 1379 3240 noxque
1398 3175 1627 3224 secunda
1653 3172 1886 3223 tenebris

153 3262 259 3312 suis
307 3270 470 3312 terras
519 3262 814 3320 obtexerat,
866 3275 987 3307 cum
1028 3258 1139 3324 jam
1189 3276 1219 3307 a
1268 3257 1469 3307 cunctis
1522 3256 1614 3324 qui
1667 3257 1887 3306 aderant

152 3353 428 3412 putaretur
467 3344 577 3395 sine
616 3361 762 3393 mora
800 3341 1139 3408 migraturus,
1177 3358 1297 3390 cum
1336 3340 1479 3390 omni
1521 3339 1799 3390 velocitate
1830 3339 1888 3392 in

207 3494 219 3517 ¹
253 3493 357 3535 This
384 3507 468 3535 was
500 3493 545 3534 in
579 3490 835 3534 accordance
871 3488 974 3530 with
1063 3487 1126 3529 for
1162 3502 1212 3529 an
1235 3494 1413 3529 account
1451 3487 1498 3528 of
1524 3485 1596 3528 the
1629 3486 1889 3528 ceremonies

151 3549 222 3591 the
243 3549 330 3591 rule
347 3550 394 3591 of
417 3549 484 3591 his
501 3548 638 3592 order.
680 3549 758 3590 See
778 3547 973 3588 Martene
1063 3545 1265 3588 observed
1289 3552 1331 3585 at
1352 3545 1423 3586 the
1455 3544 1536 3585 last
1558 3543 1748 3585 sickness
1772 3543 1819 3585 of
1834 3558 1888 3584 an

152 3605 202 3648 de
217 3607 415 3664 Antiquis
448 3606 756 3649 Monachorum
789 3603 971 3656 Ritibus‚
1062 3602 1220 3645 Abbot.
1283 3601 1339 3644 V.
1363 3601 1430 3644 ch.
1456 3603 1523 3644 12.
