2398 4152
721 436 1086 478 MONAs'rERn
1129 437 1208 477 DE
1245 436 1460 477 BELLQ·
1851 426 1947 475 151

227 557 433 622 debere,
461 558 556 627 qui
592 558 927 611 subditorum
951 558 1187 610 moribus
1220 558 1564 610 informandis
1596 559 1814 628 provida
1851 562 1953 612 sol-

225 640 501 693 licitudine
537 642 742 711 possint
777 642 1071 711 invigilare,
1107 642 1212 694 huc
1236 651 1408 694 vestra
1443 643 1748 712 dominique
1786 645 1954 696 archi-

225 724 458 794 episcopi
482 726 652 777 vocati
687 725 1002 778 auctoritate
1029 744 1095 776 en
1129 743 1384 789 assumus,
1421 735 1483 777 ut
1506 734 1771 795 pastorem
1801 729 1954 779 nobis

223 806 343 859 Deo
380 817 594 860 auctore
633 809 790 878 digne
828 809 1227 878 praeficiendum
1265 811 1554 862 secundum
1591 810 1839 863 instituta
1871 831 1954 863 ca-

219 909 419 944 nonum
460 893 731 962 eligamus.
807 893 908 945 Est
948 893 1090 944 enim
1128 893 1342 944 omnino
1384 893 1740 958 temerarium,
1787 903 1954 946 trans-

216 975 364 1042 gredi
391 976 600 1027 decreta
635 978 912 1046 majorum.
988 975 1180 1028 Virum
1219 976 1401 1043 itaque
1426 977 1781 1028 venerabilem
1817 978 1953 1030 Can-

219 1058 498 1110 tuariensis
536 1059 773 1112 ecclesiae
812 1059 1042 1128 priorem
1087 1059 1359 1109 dominum
1387 1058 1628 1110 Odonem
1647 1060 1703 1111 in
1740 1062 1952 1114 nomine

219 1149 412 1192 sanctae
455 1141 735 1194 Trinitatis
775 1142 1042 1210 eligimus,
1086 1150 1392 1209 nostraeque
1428 1142 1675 1194 electioni
1720 1162 1750 1194 a
1782 1154 1953 1197 vestra

218 1224 527 1277 sullimitate
555 1244 825 1278 assensum
852 1225 964 1278 dari
988 1225 1369 1294 postulamus.”

284 1308 401 1361 Vix
441 1309 598 1361 electi
639 1329 831 1362 nomen
870 1310 927 1361 in
975 1309 1213 1361 omnium
1256 1309 1528 1360 audientia
1569 1310 1948 1378 publicaverat,
1975 1332 2051 1364 odo
2067 1333 2195 1365 refuses

215 1411 336 1444 cum
374 1393 517 1445 idem
543 1393 743 1445 electus
768 1394 825 1445 in
849 1412 1031 1446 vocem
1056 1393 1487 1444 contradictionis
1515 1394 1712 1462 erupit,
1741 1396 1946 1448 dicens:
1972 1374 2177 1447 ἷξῗεῗιὲἓὲω

216 1479 251 1503 “
279 1475 558 1528 Nominari
582 1495 666 1528 me
700 1477 936 1540 audiens,
983 1485 1038 1527 et
1079 1476 1353 1545 inopinata
1396 1476 1655 1528 electione
1698 1479 1764 1530 ad
1812 1480 1949 1548 regi·
1971 1456 2055 1487 hm

214 1578 336 1610 men
376 1561 682 1612 monasterii
717 1560 780 1612 de
807 1561 961 1612 Bello
987 1561 1178 1623 vocari,
1205 1579 1313 1612 non
1348 1560 1461 1625 illo,
1488 1580 1595 1612 non
1620 1562 1766 1625 aliaS,
1797 1572 1951 1616 extra

213 1651 447 1694 nostram
498 1643 934 1696 Cantuariensem
983 1644 1273 1708 ecclesiam,
1327 1646 1599 1697 consentio
1657 1648 1947 1700 transferri.

215 1726 486 1796 Meipsum
510 1746 634 1778 vero
660 1728 851 1779 summi
888 1728 1155 1797 pontificis
1192 1729 1513 1797 protectioni
1540 1730 1760 1793 subicio,
1789 1739 1845 1782 et
1883 1751 1949 1783 ne

213 1829 304 1862 vos
346 1811 534 1862 fratres
575 1812 670 1879 qui
712 1812 815 1862 huc
855 1812 1084 1881 pastoris
1126 1812 1356 1880 eligendi
1399 1813 1568 1880 gratia
1606 1815 1824 1866 venistis
1866 1834 1949 1865 me

213 1894 439 1963 eligatiS,
484 1914 683 1963 vosque
724 1895 935 1946 domine
972 1914 1071 1947 rex
1110 1905 1165 1947 et
1203 1896 1414 1947 domine
1457 1897 1848 1967 archiepiscope
1883 1917 1950 1950 ne

214 1979 289 2030 eis
322 1979 378 2031 in
413 1979 670 2031 electione
714 1997 986 2030 assensum
1021 1980 1323 2048 praebeatiS,
1360 1980 1675 2032 omnimodis
1714 1982 1948 2045 inhibeo,

212 2071 267 2115 et
297 2081 365 2115 ne
392 2063 523 2132 quid
558 2064 835 2116 adversum
873 2082 956 2114 me
999 2063 1057 2114 in
1098 2063 1194 2114 hac
1233 2072 1383 2132 parte
1418 2065 1587 2133 possit
1624 2068 1949 2135 attemptari,

209 2147 386 2198 sedem
410 2148 754 2216 apostolicam
778 2146 1038 2215 appe110.’'

282 2231 636 2300 Stupentibus
676 2233 743 2284 ad
786 2231 903 2282 haec
949 2231 1195 2282 omnibus
1241 2232 1334 2300 qui
1374 2233 1610 2296 aderant,
1652 2251 1773 2284 cum
1811 2253 1949 2286 unus

212 2333 395 2366 eorum
435 2315 612 2385 ipsum
648 2316 706 2366 in
751 2315 851 2367 hoc
896 2333 1146 2383 responso
1186 2315 1343 2367 nimis
1390 2316 1665 2368 festinasse
1711 2318 1944 2370 diceret:

210 2401 244 2425 “
271 2398 538 2462 Festino,”
578 2399 868 2468 respondit,
932 2403 966 2426 “
995 2399 1122 2466 quia
1165 2399 1414 2450 festinare
1461 2401 1798 2469 compellor.'’
1874 2403 1950 2454 Et

208 2482 457 2546 adicienS,
526 2487 560 2510 “
587 2483 757 2551 Eg0,”
813 2482 1009 2551 inquit,
1070 2486 1104 2508 ‘⁶
1130 2483 1197 2533 ad
1258 2482 1363 2533 huc
1419 2484 1742 2536 veniendum
1799 2487 1948 2538 nulla

207 2567 423 2634 quidem
461 2575 661 2618 tractus
704 2585 822 2618 sum
865 2566 1189 2629 curiositate,
1232 2567 1379 2617 nulla
1417 2569 1707 2636 cujuslibet
1732 2570 1945 2622 honoris

204 2652 539 2720 dignitatisve
567 2652 869 2721 temporalis
914 2652 1172 2721 impulsus
1213 2671 1329 2703 sum
1366 2654 1674 2722 cupiditate,
1718 2657 1811 2708 sed
1836 2658 1945 2709 sola

205 2737 540 2804 negotiorum
586 2736 980 2788 Cantuariensis
1022 2737 1256 2787 ecclesiae
1299 2756 1417 2788 sum
1461 2739 1749 2806 perductus
1795 2760 1943 2793 occa-

203 2819 363 2872 sione.
439 2820 581 2874 Quae
628 2821 671 2872 si
720 2839 817 2889 per
864 2838 948 2871 me
998 2829 1222 2888 possunt
1249 2821 1510 2888 expediri,
1564 2824 1806 2890 gaudeo3
1860 2826 1941 2876 sin

205 2912 398 2967 autem,
426 2905 640 2956 domum
679 2904 806 2955 licet
846 2904 1053 2955 inactus
1088 2905 1261 2955 redeo.
1341 2904 1448 2955 Sed
1482 2924 1573 2956 cur
1618 2907 1749 2957 mihi
1775 2908 1940 2960 invito

205 2996 260 3039 et
302 2987 509 3056 ingrato
549 2988 942 3057 suscipiendum
981 2988 1317 3056 proponitur,
1360 2989 1504 3055 quod
1542 2989 1720 3057 plures
1747 3010 1816 3042 ex
1858 2993 1940 3043 his

203 3071 339 3123 forte
379 3072 473 3140 qui
508 3079 690 3123 assunt
730 3089 827 3122 nec
864 3071 1056 3122 invitos
1096 3090 1192 3121 nec
1236 3071 1469 3138 ingratos
1507 3073 1642 3123 velle
1675 3076 1937 3144 suscipere

201 3174 307 3207 non
330 3156 644 3208 dubitatur?
718 3155 777 3205 Si
814 3174 938 3206 vero
979 3155 1033 3205 id
1072 3156 1248 3222 agitur
1289 3164 1351 3206 ut
1396 3157 1467 3205 sic
1506 3174 1748 3207 amovear
1773 3177 1803 3209 a
1828 3161 1937 3227 pri-

203 3249 379 3293 oratus
418 3240 609 3302 officio,
651 3239 912 3308 prioratui
950 3238 1303 3289 libentissime
1339 3240 1485 3303 cede,
1523 3249 1578 3290 et
1617 3240 1673 3290 in
1717 3243 1936 3295 ecclesia

206 3323 570 3376 Cantuariensi
596 3323 905 3392 simpliciter
930 3331 1347 3385 conversaturus,
1388 3342 1507 3374 cum
1545 3324 1784 3391 prioratu
1823 3327 1935 3378 cui-

202 3407 335 3460 libet
381 3409 682 3478 praelationi
733 3416 920 3476 sponte
987 3407 1254 3458 renuntio.
1350 3407 1651 3458 Prioratum
1704 3428 1932 3480 namque

202 3491 375 3560 ipsum
417 3493 549 3546 mihi
588 3511 793 3562 semper
830 3491 952 3560 plus
992 3491 1129 3542 sensi
1172 3491 1333 3542 fuisse
1361 3492 1505 3542 oneri
1536 3511 1692 3560 quam
1727 3493 1932 3559 honori,

202 3595 358 3643 quem
384 3578 734 3645 proculdubio
765 3576 963 3627 invitus
1004 3576 1229 3644 suscepi,
1276 3576 1472 3627 invitus
1500 3587 1553 3628 et
1575 3587 1785 3629 coactus
1812 3580 1935 3632 hac-

202 3668 352 3710 tenus
391 3661 591 3711 tenui.''
