2398 4152
684 412 1048 453 MONASTERII
1087 412 1166 451 DE
1207 411 1412 451 BELLO.
1845 398 1912 452 47

194 532 477 596 Henricus,
516 534 631 602 eJ'us
671 552 862 603 corpus
911 534 1242 586 Wintoniam
1286 533 1570 584 honorifice
1620 533 1811 584 deferri
1862 542 1916 585 et

192 616 404 684 sepeliri
452 616 599 679 fecit,
642 624 803 685 atque
843 618 956 687 ipse
989 617 1169 685 paucis
1208 625 1327 685 post
1369 617 1593 668 evolutis
1633 617 1819 668 diebus
1844 635 1914 667 ex

191 699 384 751 divinae
431 700 910 769 praedestinationis
960 702 1097 751 dono
1147 700 1311 751 totius
1360 699 1602 768 Anglicae
1648 709 1912 769 sceptrum

190 782 434 850 optinens
472 784 806 847 monarchiae,
852 783 1072 835 solemni
1116 783 1201 834 die
1239 783 1461 835 martirii
1504 784 1647 835 beati
1683 783 1913 835 Oswaldi

187 866 327 933 regis
368 865 617 929 instante,
659 885 831 918 coram
874 865 1143 916 nonnullis
1189 865 1340 932 regni
1396 866 1718 933 primoribus
1765 867 1912 934 regio

185 948 470 1016 insignitus
510 949 822 1011 diademate,
857 949 998 1017 apud
1025 947 1579 1010 Westmonasterium‚
1606 968 1769 1000 nonas
1797 950 1912 1000 Au-

185 1032 327 1099 gusti
367 1041 662 1083 coronatur.
739 1032 901 1085 Quod
925 1031 1147 1098 adeptus
1172 1031 1397 1092 culmen,
1442 1039 1505 1082 ut
1547 1032 1626 1083 vir
1664 1033 1915 1083 sollertis-

187 1115 333 1166 simae
378 1114 674 1181 sagacitatis
715 1114 981 1182 profectui
1027 1114 1305 1163 intendens
1348 1114 1601 1177 omnium,
1640 1116 1913 1183 pacificare

189 1196 503 1249 omnimodis
539 1215 761 1265 regnum
804 1197 1092 1265 satagebat,
1144 1196 1302 1264 eique
1336 1214 1443 1247 non
1485 1215 1783 1266 repugnans
1809 1200 1914 1250 for-

189 1289 320 1332 tuna
360 1299 456 1349 pro
495 1289 619 1331 voto
662 1280 889 1331 favebat.
968 1279 1076 1330 Hic
1121 1279 1304 1346 itaque
1347 1288 1411 1330 ut
1451 1281 1628 1348 magni
1654 1281 1914 1333 Willelmi

188 1373 377 1415 natura
415 1363 566 1414 heres
603 1372 659 1414 et
699 1364 892 1427 animo,
942 1371 1004 1414 ut
1047 1381 1159 1415 suae
1197 1363 1406 1430 signum
1449 1382 1656 1415 coronae
1712 1384 1914 1417 summo

190 1447 329 1498 Belli
368 1446 638 1498 ecclesiam
678 1446 984 1509 defendens,
1023 1465 1083 1497 ac
1127 1464 1339 1497 suarum
1376 1448 1781 1500 auctoritatibus
1807 1468 1916 1502 car-

191 1540 365 1582 tarum
391 1530 654 1592 muniens,
681 1530 977 1581 extollebat
1000 1530 1195 1581 studio.

260 1613 443 1664 Abbas
467 1613 632 1681 igitur
668 1612 933 1664 Henricus
957 1622 1079 1682 post
1104 1614 1333 1664 abbatiae
1364 1622 1637 1682 sumptum
1660 1616 1913 1683 regimen,
1940 1638 1977 1661 A·
1992 1634 2132 1662 n·1102·

186 1697 269 1747 bis
296 1697 456 1747 trium
480 1714 738 1747 annorum
771 1704 1079 1764 septemque
1118 1697 1323 1747 dierum
1348 1698 1610 1765 completo
1635 1700 1913 1763 curriculo,
1937 1671 2182 1753 gssaffessfriffb‘

186 1798 325 1831 anno
349 1779 606 1830 incarnati
630 1779 797 1831 Verbi
824 1780 967 1847 quod
992 1788 1104 1830 erat
1128 1779 1183 1830 in
1221 1780 1482 1849 principio
1523 1781 1603 1832 M.
1631 1782 1721 1833 cii⁰
1763 1785 1916 1852 aegri-
1937 1754 2087 1786 'unm'

189 1863 373 1915 tudine
393 1863 460 1914 ad
477 1870 716 1913 extrema
733 1863 1037 1931 perductus,
1057 1863 1198 1913 xiiii⁰
1242 1862 1490 1914 kalendas
1515 1864 1550 1914 J
1551 1864 1648 1915 ulii
1672 1867 1916 1934 migravit

188 1966 220 1998 a
245 1947 440 2009 seculo,
468 1955 628 2015 atque
649 1947 716 1997 ab
744 1946 979 2015 ejusdem
1005 1946 1239 1997 ecclesiae
1276 1946 1531 1997 fratribus
1557 1947 1622 1998 de
1658 1949 1811 2000 Bello
1853 1958 1916 2000 ut

186 2031 299 2098 ipse
341 2037 673 2098 suggesserat
696 2047 869 2080 coram
894 2029 1016 2079 sede
1046 2029 1400 2097 praesidentis,
1441 2030 1498 2080 in
1535 2032 1774 2099 ejusdem
1813 2033 1914 2084 loci

187 2114 484 2164 tumulatur
521 2112 772 2181 capitulo.
849 2111 975 2165 Quo
1018 2113 1179 2180 regiae
1229 2112 1379 2163 illato
1428 2113 1584 2175 aulae,
1638 2115 1914 2167 confestim

187 2196 406 2247 clericus
432 2196 647 2264 quidam
675 2196 802 2246 illuc
827 2196 891 2246 ad
916 2196 1306 2264 procurandum
1331 2196 1595 2264 dirigitur,
1640 2216 1698 2248 ac
1724 2199 1914 2251 deinde

185 2280 252 2330 ad
290 2280 518 2330 abbatiae
545 2279 835 2330 custodiam
876 2279 1014 2346 regis
1039 2279 1338 2347 capellanus
1374 2279 1511 2331 alius
1537 2280 1796 2332 Vivianus
1820 2302 1914 2333 no-

185 2364 324 2413 mine
369 2364 658 2430 delegatur.
737 2363 844 2414 Ubi
883 2381 1197 2432 perparvum
1240 2382 1358 2414 cum
1394 2364 1662 2431 deguisset
1685 2373 1912 2434 tempus,

185 2447 397 2497 demum
435 2466 534 2497 rex
575 2447 783 2498 cuidam
830 2446 1085 2497 monacho
1143 2447 1309 2497 sancti
1350 2446 1580 2498 Carileffi
1624 2448 1912 2501 Gausfrido

183 2531 412 2591 nomine,
432 2531 544 2580 viro
568 2530 804 2597 quamvis
827 2530 1128 2580 litterarum
1153 2530 1436 2593 inerudito,
1465 2531 1606 2581 omni
1633 2533 1910 2600 sagacitate

184 2621 239 2663 et
263 2613 546 2680 prudentia
569 2613 896 2681 secularique
920 2613 1253 2681 providentia
1289 2632 1509 2676 summo,
1536 2614 1678 2667 idem
1703 2635 1910 2668 monas-

185 2697 378 2746 terium
419 2698 486 2747 ad
526 2697 814 2764 regendum
839 2696 1080 2747 contulit.
1157 2696 1269 2749 Qui
1294 2697 1369 2748 xi.
1397 2696 1647 2749 kalendas
1673 2698 1908 2768 Augusti
1931 2725 2011 2765 Ju1y
2026 2726 2101 2757 220,

181 2779 307 2830 illuc
331 2779 855 2831 honorificentissime
880 2780 1179 2842 adveniens,
1206 2789 1268 2831 ut
1287 2780 1501 2831 domum
1516 2782 1648 2833 vidit
1671 2784 1909 2851 undique

182 2863 509 2925 destitutam,
546 2862 695 2931 quasi
729 2863 899 2930 prima
930 2863 1130 2931 jaciens
1155 2863 1479 2926 fundamina,
1506 2864 1729 2915 interius
1761 2876 1911 2918 exte-

180 2946 396 3014 riusque
418 2946 583 3014 coepit
603 2965 708 3014 qua
726 2946 949 2997 callebat
971 2947 1244 3014 propalare
1269 2948 1621 3015 prudentiam.
1663 2948 1774 3000 Sub
1795 2950 1910 3018 ipso

182 3029 441 3096 siquidem
456 3030 510 3079 in
535 3029 683 3080 brevi
698 3030 1126 3098 procurationum
1148 3031 1508 3081 instaurantur
1533 3034 1907 3100 promptuaria,

184 3112 416 3162 ecclesiae
438 3113 562 3179 jura
602 3112 930 3179 fratrumque
965 3113 1187 3180 respirat
1221 3113 1640 3177 honorificentia,
1683 3117 1909 3183 praedio-

183 3213 299 3245 rum
327 3196 642 3246 reformatur
667 3195 976 3262 opulentia.l

257 3277 497 3346 Cumque
551 3279 881 3347 praecipuum
931 3278 1165 3328 ecclesiae
1214 3280 1505 3329 manerium
1556 3281 1648 3331 Wi
1697 3283 1905 3346 adisset,
1932 3294 2133 3327 Gausfridus

185 3362 327 3428 quod
367 3362 580 3430 quidam
623 3362 829 3412 abbatis
869 3361 1106 3412 defuncti
1150 3362 1378 3412 serviens
1403 3374 1770 3430 procuraverat
1796 3367 1907 3417 Ro-
1929 3337 2113 3409 afflig-ted

242 3487 254 3510 ¹
286 3490 542 3544 Procuratio,
575 3505 599 3532 a
626 3490 802 3547 pension
831 3506 875 3531 or
898 3490 998 3533 diet.
1082 3490 1153 3531 thc
1198 3490 1331 3545 origin
1373 3490 1456 3533 and
1501 3492 1697 3548 meaning
1742 3494 1789 3535 of
1822 3494 1906 3536 this

182 3544 260 3587 See
300 3546 530 3602 Dugdale’s
578 3547 906 3590 Warwickshire
948 3562 1000 3588 on
1082 3547 1208 3600 word,
1232 3559 1271 3604 p.
1296 3548 1335 3601 7,
1353 3547 1394 3589 b.
