2398 4152
28 935 34 942 ,
4 780 37 914 §.K-(55:575
18 751 42 771 -gr
6 715 27 739 J*
12 647 38 697 ’ῆι-Ε,
13 608 36 635 ι,
4 520 7 532 “

672 447 720 487 M
722 446 1034 488 ONASTERII
1076 447 1156 487 DE
1198 447 1398 487 BELLO.
1823 437 1889 487 95

177 571 242 622 de
260 567 571 622 Cornuuilla
586 568 800 620 nomine
823 569 891 620 ad
913 587 997 620 me
1021 569 1183 632 misit,
1203 568 1453 620 mandans
1478 569 1621 637 quod
1646 568 1730 620 die
1756 576 1897 619 octa»

177 671 360 704 varum
408 650 576 702 sancti
612 649 871 702 Andreae¹
899 651 1204 703 Lundonias
1238 671 1410 703 coram
1455 670 1517 702 eo
1559 652 1808 713 venirem,
1843 660 1899 702 et

181 737 326 806 quod
363 735 524 787 abbas
567 733 727 786 etiam
775 734 973 785 ibidem
1017 735 1293 785 convenire
1335 736 1567 796 deberet,
1613 744 1773 802 atquc
1823 734 1898 785 ibi

183 819 401 873 consilio
425 816 805 885 archiepiscopi
831 816 1130 868 Cantuariae
1158 826 1212 868 et
1235 819 1489 869 baronum
1515 837 1727 869 suorum
1762 818 1903 886 pacis

182 904 362 956 foedus
408 903 550 954 inter
595 920 692 953 nos
738 909 978 970 poneret.
1066 901 1171 951 Die
1221 902 1508 953 constituta
1564 921 1734 953 coram
1781 920 1903 968 rege

184 987 331 1040 affui.
406 986 495 1038 Ibi
535 986 718 1054 itaque
753 1003 851 1036 nec
889 986 1069 1048 abbaS,
1094 1003 1268 1053 neque
1295 985 1573 1053 quisquam
1597 1004 1693 1053 pro
1729 1004 1807 1046 co,
1844 994 1906 1035 ut

185 1079 314 1124 tunc
357 1069 601 1122 omnibus
641 1068 836 1138 patuit,
874 1075 1056 1119 contra
1090 1085 1176 1117 me
1214 1068 1439 1118 advenit.
1515 1067 1600 1118 Ita
1641 1067 1806 1134 igitur
1844 1067 1908 1117 ad

185 1154 400 1224 propria
445 1170 683 1205 reversus
731 1170 864 1215 sum,
915 1151 1105 1202 abbate
1149 1150 1207 1201 in
1252 1151 1514 1201 sententia
1553 1158 1906 1218 permanente.

190 1238 322 1290 Post
343 1238 487 1289 illius
511 1236 635 1289 anni
660 1235 1000 1296 curriculum,
1032 1234 1089 1285 in
1114 1234 1314 1303 synodo
1339 1234 1595 1296 sollemni,
1623 1234 1909 1284 secundum

191 1340 452 1374 canonum
499 1319 716 1384 statuta,
764 1320 919 1371 illum
975 1318 1444 1370 excommunicavi.
1520 1317 1704 1368 Abbas
1770 1335 1911 1377 ver0,

191 1406 291 1457 hoc
315 1413 548 1474 accepto,
574 1403 973 1473 archiepiscopo
997 1402 1200 1454 retulit.
1251 1401 1693 1471 Archiepiscopus
1718 1410 1911 1461 autem,

193 1489 361 1559 ipsius
400 1489 607 1541 abbatis
644 1488 909 1558 precibuS,
944 1486 1138 1538 litteris
1179 1485 1287 1538 suis
1326 1485 1457 1536 mihi
1480 1485 1761 1548 mandavit,
1789 1503 1917 1552 qua-

195 1575 340 1627 tinus
364 1574 682 1627 sententiam
704 1572 1016 1634 relaxarem,
1036 1572 1200 1623 donec
1222 1571 1278 1622 in
1302 1589 1467 1621 unum
1492 1570 1884 1621 conveniremus
1903 1590 1915 1631 ;

195 1659 308 1728 ipse
351 1659 493 1711 enim
533 1658 674 1710 inter
710 1676 806 1709 nos
831 1656 1007 1708 omnia
1029 1656 1165 1706 bene
1191 1655 1505 1724 disponeret.
1580 1653 1685 1704 Pro
1721 1654 1919 1704 honore

198 1742 399 1796 domini
447 1739 844 1811 archiepiscopi,
895 1740 1212 1791 sententiam
1270 1740 1335 1790 ad
1382 1748 1591 1806 tempus
1637 1736 1920 1789 relaxavi.”

202 1826 354 1879 Tunc
393 1826 662 1879 Henricus
699 1827 764 1878 de
807 1823 1065 1876 Essexia:
1108 1824 1311 1891 “Rege
1349 1822 1616 1890 Stephano
1654 1822 1919 1882 defuncto,
1944 1833 2172 1907 Agatiplilnter·

200 1911 245 1963 si
286 1911 388 1963 hoc
411 1910 622 1963 veritati
664 1909 930 1972 innititur,
970 1927 1063 1960 vos
1104 1908 1160 1959 id
1184 1907 1368 1958 fecisse
1394 1914 1633 1957 constans
1676 1913 1771 1968 est,
1817 1923 1922 1971 quo
1943 1887 2007 1990 {1¹3
2015 1884 2145 1948 E‘arl'hs

201 1995 410 2049 vivente
454 2013 728 2064 nunquam
759 2012 894 2046 ausu
925 1992 1203 2044 temerario
1236 2009 1326 2042 vos
1358 1990 1612 2058 probatur
1649 1989 1747 2039 hoc
1788 2006 1925 2055 prae-
1979 1968 2064 1990 ’Μ’

203 2080 466 2132 sumsisse.
542 2078 668 2131 Non
693 2078 835 2130 enirn
873 2076 1154 2146 expediret
1175 2074 1342 2126 vobis,
1419 2073 1567 2128 Quid
1590 2091 1728 2123 nunc
1761 2071 1926 2122 domi-

203 2181 304 2216 nus
327 2171 506 2215 noster
528 2163 765 2216 facturus
790 2162 877 2226 sit,
905 2180 1000 2213 suo
1019 2160 1131 2230 juri
1157 2167 1211 2211 et
1234 2158 1484 2227 potestati
1510 2153 1907 2208 committitur.”

278 2247 366 2300 Ita
398 2247 676 2318 episcopus
708 2246 1024 2300 subintulit:
1063 2248 1100 2274 ‘⁶
1123 2245 1275 2296 Tunc
1318 2262 1400 2295 res
1437 2243 1575 2294 inter
1614 2260 1710 2293 nos
1746 2239 1927 2291 habita
1948 2248 2165 2329 ffiffifcon-

207 2339 304 2396 est,
347 2351 446 2384 nec
492 2331 673 2402 aliquo
711 2339 948 2400 tempore
988 2330 1149 2381 abbas
1188 2329 1254 2379 ad
1293 2326 1703 2378 satisfactionem
1727 2323 1926 2374 venisse
1947 2331 2072 2364 tinues·

208 2417 597 2486 comprobatur.
646 2416 938 2484 Postquam
963 2413 1226 2465 Dominus
1248 2419 1426 2463 noster
1450 2410 1642 2460 Jhesus
1669 2408 1927 2467 ChristuS,

210 2501 419 2554 domine
443 2519 559 2563 rex,
584 2519 676 2553 vos
699 2500 758 2551 in
781 2498 932 2567 regni
955 2498 1115 2566 hujus
1142 2496 1272 2548 solio
1296 2493 1585 2555 collocavit,
1629 2492 1771 2560 quod
1801 2490 1932 2541 mihi

213 2603 327 2655 prae
368 2584 613 2637 omnibus
654 2582 1011 2653 gratissimum
1058 2580 1172 2631 fore
1213 2587 1435 2641 constat,
1474 2577 1633 2628 abbas
1671 2594 1767 2626 nec
1801 2573 1931 2624 mihi

210 2676 275 2720 ut
298 2687 394 2720 suo
419 2668 666 2738 episcopo
693 2685 815 2736 quae
841 2666 1068 2719 debebat
1092 2663 1358 2723 exhibuit,
1394 2680 1490 2712 nec
1523 2679 1655 2711 meae
1682 2657 1931 2719 ecclesiae,

217 2751 489 2805 Cicestriae
524 2752 743 2816 scilicet,
781 2752 944 2803 immo
969 2750 1128 2801 etiam
1152 2766 1236 2798 me
1261 2746 1462 2813 ubique
1487 2743 1699 2796 vitando
1725 2758 1934 2810 sperne-

214 2838 308 2889 bat
341 2845 502 2905 atque
541 2836 713 2889 verbis
751 2834 1069 2905 turpissimis
1110 2831 1308 2900 ubique
1347 2848 1443 2897 pro
1482 2845 1630 2896 posse
1669 2844 1764 2876 suo
1790 2823 1937 2875 diffa-

217 2923 410 2975 mabat.
487 2919 702 2973 Accidit
742 2928 922 2972 autem
972 2917 1117 2986 quod
1162 2915 1303 2965 idem
1352 2919 1517 2963 cartas
1557 2909 1788 2962 ecclesiae
1828 2922 1937 2956 suae

218 3006 276 3056 in
320 3005 482 3074 sigilli
518 3005 679 3058 vestri
717 3002 1057 3055 renovatione
1101 2996 1394 3051 confirmari
1422 2995 1737 3063 disponeret.
1814 2990 1939 3040 Per-

219 3089 368 3142 venit
407 3090 590 3158 itaque
629 3089 696 3140 ad
733 3103 888 3139 aures
930 3103 1070 3136 meas
1109 3083 1165 3133 in
1208 3080 1441 3149 ejusdem
1476 3076 1630 3128 cartis
1655 3082 1834 3125 contra
1858 3091 1941 3122 ec-

223 3174 395 3227 clesiae
419 3191 552 3225 meae
579 3170 845 3224 Cicestriae
871 3168 1151 3236 dignitates
1176 3173 1230 3215 et
1255 3162 1413 3214 etiam
1438 3167 1617 3211 contra
1643 3155 1940 3208 Cantuariae

225 3258 477 3320 ecclesiae,
502 3256 685 3309 matris
715 3252 963 3306 videlicet
1000 3250 1166 3301 totius
1192 3245 1423 3313 Angliae,
1465 3243 1643 3309 aliqua
1667 3239 1941 3291 contineri.

228 3342 391 3397 Quod
414 3340 826 3409 archiepiscopo,
869 3335 1006 3386 sicut
1029 3332 1109 3382 illi
1134 3330 1220 3381 cui
1246 3347 1424 3380 omnes
1448 3346 1543 3378 nos
1566 3324 1959 3393 professionem·

227 3426 414 3478 fecisse
453 3425 590 3477 nulli
616 3422 838 3476 dubium
864 3428 960 3481 est,
1004 3424 1059 3467 et
1085 3414 1170 3466 cui
1197 3414 1356 3464 etiam
1382 3420 1436 3462 et
1462 3408 1693 3462 ecclesiae
1722 3406 1949 3459 Cantua-

958 3582 966 3607 ⁸
998 3579 1110 3622 Nov.
1131 3580 1197 3620 23.
