2398 4152
255 601 294 624 Α.
310 600 346 624 D.
365 591 456 629 1096.

257 634 373 674 Hem-y
389 633 484 665 Prior

248 715 432 757 appointed

249 757 374 793 Abbot,

248 800 338 830 June
356 803 404 830 ιι.

527 442 598 492 44
1035 450 1315 497 HI'STORIA
1359 454 1767 499 FUNDATIONIS

597 577 759 629 Anno
782 577 966 647 itaque
992 578 1162 631 Verbi
1189 579 1294 630 Dei
1320 579 1595 634 humanati
1621 581 1702 633 M.
1731 600 1816 633 xe.
1844 582 1913 634 vi.
1940 582 1998 633 in
2021 583 2269 634 abbatem

248 674 504 715 oscanterbury
524 662 739 714 domino
792 660 1028 714 Henrico
1080 663 1268 727 electo,
1310 672 1366 715 et
1405 664 1462 715 in
1506 665 1781 717 ecclesiam
1831 666 1970 718 Belli
2021 667 2104 718 iii⁰
2149 667 2269 719 idus

521 745 671 797 Junii
712 756 774 798 ut
819 748 1041 799 decebat
1081 752 1351 817 excepto,1
1394 767 1515 799 cum
1559 749 1662 800 sibi
1706 750 1884 801 omnia
1921 750 2128 802 abbatis
2145 752 2269 820 jure

518 829 787 882 vindicans
855 832 1273 900 quamplurimos
1339 832 1804 886 Cantuariensium
1870 835 2266 900 monachorum,

518 933 746 983 quorum
765 916 1029 967 voluntati
1055 924 1110 967 et
1135 917 1356 968 consilio
1376 936 1431 968 se
1452 936 1715 987 suumque
1738 918 1953 988 penitus
1973 919 2266 983 dediderat,

516 999 771 1062 studium,
833 1000 1053 1052 accisset
1111 1020 1397 1070 secumque
1459 1003 1811 1066 detinuisset,
1846 1003 2086 1072 quamvis
2151 1003 2266 1072 ipse

514 1093 706 1135 natura
728 1085 902 1136 bonus
940 1085 1097 1148 foret,
1126 1094 1303 1138 tamen
1328 1106 1451 1138 eum
1477 1087 1534 1137 in
1559 1087 1740 1155 aliquo
1766 1088 2001 1156 partium
2026 1088 2265 1150 simulta-

515 1169 662 1220 tibus
686 1169 832 1221 haud
857 1171 1159 1222 obviantem
1184 1171 1513 1240 impossibile
1542 1180 1656 1223 erat
1675 1191 1783 1224 non
1801 1173 2027 1226 deviare.
2105 1172 2265 1226 Unde

515 1260 570 1303 et
613 1253 892 1322 episcopus
919 1254 1264 1307 Cicestrensis
1285 1255 1554 1309 Radulfus
1581 1257 2041 1325 opportunitatem
2057 1266 2262 1322 nactUS,

515 1355 638 1388 eum
661 1357 758 1407 per
785 1340 1040 1408 quosdam
1066 1359 1284 1392 suorum
1309 1360 1381 1392 ex
1402 1340 1668 1394 industria
1692 1342 1928 1405 studens,
1956 1342 2014 1393 in
2041 1343 2265 1410 ecclesia

515 1422 655 1473 Belli
696 1424 1011 1476 benedicere
1045 1426 1324 1489 renuebat,
1367 1434 1423 1477 et
1463 1426 1561 1477 hac
1601 1445 1749 1478 mora
1786 1427 2016 1479 multum
2055 1436 2264 1498 tempo-

513 1506 585 1557 ris
619 1508 868 1560 differens
915 1509 1192 1578 fatigabat.
1272 1510 1488 1562 Abbate
1530 1529 1655 1563 vero
1705 1530 1825 1563 cum
1869 1512 1979 1564 suis
2028 1512 2263 1579 fortunae

513 1590 715 1642 incerto
757 1593 968 1661 segnius
994 1593 1279 1657 renitente,
1327 1594 1542 1646 demum
1568 1614 1785 1647 suorum
1812 1596 2008 1665 quibus
2050 1597 2264 1650 favebat

513 1674 788 1742 instinctu,
846 1678 939 1729 sed
999 1685 1054 1728 et
1111 1677 1503 1747 archipraesulis
1554 1678 1799 1731 Anselmi
1848 1681 2088 1745 consilio,
2139 1701 2262 1734 cum

515 1770 698 1813 contra
723 1762 961 1814 ecclesiae
988 1781 1099 1814 suae
1119 1763 1260 1832 jura,
1287 1763 1716 1815 benedictionem
1743 1764 2053 1817 Cicestriam
2077 1766 2262 1818 incon-

515 1845 653 1896 sulte
698 1855 904 1914 petenS,
945 1846 1304 1900 renitentibus
1350 1847 1589 1899 ecclesiae
1629 1848 1732 1900 sibi
1775 1848 2068 1902 commissae
2112 1850 2259 1916 filiis,

512 1939 782 1982 assecutus
822 1931 1029 1994 fuisset,
1071 1932 1327 1983 intestina
1373 1931 1629 1984 continuo
1653 1933 1941 2002 pullulavit
1964 1934 2255 1999 dissensi03

511 2032 720 2065 necnon
770 2025 825 2068 et
874 2016 993 2067 aliis
1061 2015 1388 2085 quibusdam
1447 2017 1786 2070 occasionum
1848 2019 2258 2072 succedentibus

510 2099 758 2167 querelis,
803 2119 912 2152 non
956 2101 1172 2153 omnino
1213 2101 1506 2170 prudenter
1548 2121 1646 2153 nec
1670 2122 1919 2172 prospere
1944 2111 2008 2155 ut
2033 2104 2257 2156 decebat

507 2183 693 2235 domus
720 2183 827 2236 Dei
867 2185 1270 2255 dispensabatur
1309 2186 1531 2239 utilitas.
1609 2187 1710 2238 Ille
1735 2207 1859 2239 vero
1898 2196 2049 2240 tanto
2092 2188 2256 2259 insig-

503 2267 649 2319 nitus
687 2268 907 2332 honore,
944 2269 1114 2321 multa
1147 2289 1245 2338 pro
1286 2278 1523 2339 tempore
1564 2271 1917 2337 dissimulans,
1957 2273 2060 2324 sibi
2111 2291 2253 2326 com-

499 2351 711 2403 missam
751 2372 872 2406 cum
915 2373 1120 2406 summo
1169 2354 1348 2418 labore
1405 2355 1546 2407 inter
1594 2356 1858 2408 fluctuum
1906 2357 2253 2411 multimodos

497 2436 793 2489 naucellam
812 2446 1026 2490 strenue
1051 2439 1384 2506 gubernabat
1400 2440 1662 2508 scopulOS,
1684 2448 1846 2509 atque
1865 2449 1928 2492 ut
1945 2442 2026 2493 vir
2051 2442 2252 2496 coelebs

498 2531 554 2573 et
578 2521 836 2574 modestia
856 2522 1026 2574 clarus
1047 2522 1153 2573 Dei
1174 2523 1448 2575 servitium
1463 2532 1717 2575 cantuum
1737 2533 1929 2577 ornatu
1954 2526 2248 2593 dulcisono,

499 2606 878 2675 ecclesiamque
910 2607 1387 2660 consuetudinibus
1413 2616 1951 2679 ornamentorumque
1976 2612 2251 2666 nonnullis

496 2691 837 2758 apparatibus
863 2692 1230 2744 decentissime
1256 2692 1575 2745 honestavit.

569 2774 673 2826 His
699 2775 776 2826 ita
801 2795 854 2827 se
880 2776 1204 2828 habentibus
1231 2784 1286 2828 et
1311 2777 1547 2830 ecclesiae
1572 2778 1790 2847 penitus
1833 2787 1979 2831 statu
2017 2780 2076 2832 in
2120 2770 2267 2834 sub--

494 2860 745 2912 tilitatem
772 2862 1037 2930 exposito,
1063 2862 1350 2931 praefatum
1375 2862 1600 2931 contigit
1623 2882 1804 2932 regem
1829 2864 2164 2917 Willelmum
2188 2866 2242 2918 in

494 2945 825 2997 Normannia
867 2946 975 2998 suis
1013 2947 1243 3016 negotiis
1286 2956 1501 2998 strenue
1541 2947 1895 3012 insistentem,
1937 2968 1968 3000 a
2012 2951 2243 3018 quodam

490 3029 682 3081 abbate
726 3031 1051 3095 monasterii,
1101 3032 1245 3100 quod
1288 3030 1441 3099 Flagi
1467 3031 1681 3095 dicitur,
1724 3032 1820 3083 ubi
1863 3033 2053 3085 beatus
2091 3035 2127 3086 J
2129 3054 2241 3087 ere-

489 3134 664 3167 marus
688 3116 977 3168 virtutibus
1023 3116 1247 3185 insignis
1291 3116 1561 3184 quiescere
1587 3116 1777 3179 fertur,
1824 3117 1966 3169 inter
2004 3119 2240 3187 reliquos
2273 3147 2275 3149 ·

488 3217 599 3250 suae
627 3200 946 3268 dapsilitatis
970 3201 1296 3269 appetitores
1321 3200 1487 3263 adiri3
1534 3201 1628 3269 qui
1654 3220 1684 3252 a
1708 3201 1855 3270 regia
1867 3203 2240 3257 >munificentia

486 3283 772 3350 pretiosam
811 3284 1048 3336 ecclesiae
1093 3303 1204 3335 suae
1243 3284 1529 3353 planetam,
1563 3303 1723 3352 quem
1769 3285 2017 3338 usitatius
2061 3288 2239 3341 casula

486 3375 717 3431 vocatur,
757 3369 843 3421 vel
877 3370 921 3420 si
965 3369 1021 3420 in
1063 3378 1316 3439 promptu
1339 3369 1478 3423 forte
1523 3388 1630 3421 non
1669 3369 1975 3435 haberetur,
2001 3372 2236 3441 pretium

543 3578 554 3604 ¹
588 3578 667 3620 See
703 3578 952 3622 Wharton’s
989 3581 1101 3636 Ang.
1138 3581 1233 3624 Sac.
1264 3580 1292 3624 i,
1329 3582 1425 3635 134,
1463 3580 1561 3625 796.
1625 3580 1695 3623 He
1728 3581 1898 3625 studied
1928 3582 2064 3627 under
2094 3582 2233 3627 Arch-

483 3634 634 3691 bishop
655 3635 878 3680 Lanfrane.

2376 473 2398 509 1¹1³
2380 415 2394 433 ,ε
2386 384 2391 388 ι
2389 349 2394 359 ,,
2369 226 2398 327 ·-·’-·““,”“.’
2381 182 2383 186 ·
2375 118 2378 119 ’

2378 2059 2398 2106 Μ
2366 1455 2398 1998 ἡΜῳνακΜ-υυ
2369 1056 2398 1443 ΜκΜιΜΜεῇπψ
2373 586 2398 1049 wamma-mnam
