<?xml version="1.0" encoding="UTF-8"?>
<!DOCTYPE html PUBLIC "-//W3C//DTD XHTML 1.0 Transitional//EN"
    "http://www.w3.org/TR/xhtml1/DTD/xhtml1-transitional.dtd">
<html xmlns="http://www.w3.org/1999/xhtml" xml:lang="en" lang="en">
 <head>
  <title>
</title>
<meta http-equiv="Content-Type" content="text/html;charset=utf-8" />
  <meta name='ocr-system' content='tesseract 3.04.00' />
  <meta name='ocr-capabilities' content='ocr_page ocr_carea ocr_par ocr_line ocrx_word'/>
</head>
<body>
  <div class='ocr_page' id='page_1' title='image "./chroniconmonaste00battuoft_0189.png"; bbox 0 0 2398 4152; ppageno 0'>
   <div class='ocr_carea' id='block_1_1' title="bbox 645 450 1871 506">
    <p class='ocr_par' dir='ltr' id='par_1_1' title="bbox 645 450 1871 506">
     <span class='ocr_line' id='line_1_1' title="bbox 645 450 1871 506; baseline 0.002 -3"><span class='ocrx_word' id='word_1_1' title='bbox 645 462 1009 504; x_wconf 78' lang='lat' dir='ltr'>MONASTERII</span> <span class='ocrx_word' id='word_1_2' title='bbox 1052 462 1133 502; x_wconf 80' lang='lat' dir='ltr'>DE</span> <span class='ocrx_word' id='word_1_3' title='bbox 1175 462 1379 503; x_wconf 75' lang='lat' dir='ltr'>BELLo.</span> <span class='ocrx_word' id='word_1_4' title='bbox 1770 450 1871 506; x_wconf 77' lang='lat'>147</span> 
     </span>
    </p>
   </div>
   <div class='ocr_carea' id='block_1_2' title="bbox 0 0 304 4152">
    <p class='ocr_par' dir='ltr' id='par_1_2' title="bbox 0 0 304 4152">
     <span class='ocr_line' id='line_1_2' title="bbox 0 0 304 4152; baseline 0 -3602"><span class='ocrx_word' id='word_1_5' title='bbox 0 0 304 4152; x_wconf 95' lang='lat' dir='ltr'>    </span> 
     </span>
    </p>
   </div>
   <div class='ocr_carea' id='block_1_3' title="bbox 14 585 2118 3416">
    <p class='ocr_par' dir='ltr' id='par_1_3' title="bbox 14 585 2118 3416">
     <span class='ocr_line' id='line_1_3' title="bbox 147 585 1874 655; baseline 0.002 -19"><span class='ocrx_word' id='word_1_6' title='bbox 147 585 390 637; x_wconf 87' lang='lat' dir='ltr'>veniendi</span> <span class='ocrx_word' id='word_1_7' title='bbox 423 587 665 655; x_wconf 87' lang='lat' dir='ltr'>arripuit,</span> <span class='ocrx_word' id='word_1_8' title='bbox 683 586 1059 638; x_wconf 86' lang='lat' dir='ltr'>interminante</span> <span class='ocrx_word' id='word_1_9' title='bbox 1084 585 1160 637; x_wconf 91' lang='lat' dir='ltr'>eis</span> <span class='ocrx_word' id='word_1_10' title='bbox 1186 585 1429 638; x_wconf 89' lang='lat' dir='ltr'>universa</span> <span class='ocrx_word' id='word_1_11' title='bbox 1448 587 1874 654; x_wconf 85' lang='lat' dir='ltr'>congregatione,</span> 
     </span>
     <span class='ocr_line' id='line_1_4' title="bbox 125 669 1876 740; baseline 0.002 -21"><span class='ocrx_word' id='word_1_12' title='bbox 125 687 213 731; x_wconf 75' lang='lat' dir='ltr'>¹ne</span> <span class='ocrx_word' id='word_1_13' title='bbox 253 687 574 738; x_wconf 89' lang='lat' dir='ltr'>quemquam</span> <span class='ocrx_word' id='word_1_14' title='bbox 611 679 807 740; x_wconf 90' lang='lat' dir='ltr'>praeter</span> <span class='ocrx_word' id='word_1_15' title='bbox 843 688 1092 739; x_wconf 83' lang='lat' dir='ltr'>personas</span> <span class='ocrx_word' id='word_1_16' title='bbox 1131 669 1188 721; x_wconf 93' lang='lat' dir='ltr'>in</span> <span class='ocrx_word' id='word_1_17' title='bbox 1222 688 1353 738; x_wconf 91' lang='lat' dir='ltr'>quas</span> <span class='ocrx_word' id='word_1_18' title='bbox 1378 671 1728 722; x_wconf 89' lang='lat' dir='ltr'>communiter</span> <span class='ocrx_word' id='word_1_19' title='bbox 1752 688 1876 723; x_wconf 92' lang='lat' dir='ltr'>con-</span> 
     </span>
     <span class='ocr_line' id='line_1_5' title="bbox 146 754 1874 823; baseline 0.002 -20"><span class='ocrx_word' id='word_1_20' title='bbox 146 761 413 804; x_wconf 89' lang='lat' dir='ltr'>senserant</span> <span class='ocrx_word' id='word_1_21' title='bbox 459 755 846 806; x_wconf 86' lang='lat' dir='ltr'>admittendum</span> <span class='ocrx_word' id='word_1_22' title='bbox 884 762 1282 823; x_wconf 75' lang='lat' dir='ltr'>praesumerent.</span> <span class='ocrx_word' id='word_1_23' title='bbox 1357 754 1655 806; x_wconf 87' lang='lat' dir='ltr'>Venientes</span> <span class='ocrx_word' id='word_1_24' title='bbox 1703 773 1874 823; x_wconf 92' lang='lat' dir='ltr'>usque</span> 
     </span>
     <span class='ocr_line' id='line_1_6' title="bbox 147 835 1876 906; baseline 0.002 -20"><span class='ocrx_word' id='word_1_25' title='bbox 147 835 500 889; x_wconf 89' lang='lat' dir='ltr'>Wedestoche</span> <span class='ocrx_word' id='word_1_26' title='bbox 534 838 620 890; x_wconf 91' lang='lat' dir='ltr'>die</span> <span class='ocrx_word' id='word_1_27' title='bbox 646 838 1011 901; x_wconf 88' lang='lat' dir='ltr'>determinato,</span> <span class='ocrx_word' id='word_1_28' title='bbox 1050 838 1448 890; x_wconf 88' lang='lat' dir='ltr'>multitudinem</span> <span class='ocrx_word' id='word_1_29' title='bbox 1472 837 1710 906; x_wconf 87' lang='lat' dir='ltr'>priorum</span> <span class='ocrx_word' id='word_1_30' title='bbox 1733 838 1876 890; x_wconf 90' lang='lat' dir='ltr'>simi-</span> 
     </span>
     <span class='ocr_line' id='line_1_7' title="bbox 66 918 1876 975; baseline 0.002 -5"><span class='ocrx_word' id='word_1_31' title='bbox 66 942 68 946; x_wconf 48' lang='lat'><em>*</em></span> <span class='ocrx_word' id='word_1_32' title='bbox 144 918 265 971; x_wconf 89' lang='lat' dir='ltr'>liter</span> <span class='ocrx_word' id='word_1_33' title='bbox 289 938 411 974; x_wconf 88' lang='lat' dir='ltr'>cum</span> <span class='ocrx_word' id='word_1_34' title='bbox 451 922 718 975; x_wconf 89' lang='lat' dir='ltr'>monachis</span> <span class='ocrx_word' id='word_1_35' title='bbox 757 922 866 973; x_wconf 91' lang='lat' dir='ltr'>suis</span> <span class='ocrx_word' id='word_1_36' title='bbox 904 922 1031 973; x_wconf 91' lang='lat' dir='ltr'>illuc</span> <span class='ocrx_word' id='word_1_37' title='bbox 1056 930 1361 973; x_wconf 86' lang='lat' dir='ltr'>vocatorum</span> <span class='ocrx_word' id='word_1_38' title='bbox 1403 921 1720 974; x_wconf 89' lang='lat' dir='ltr'>invenerunt</span> <span class='ocrx_word' id='word_1_39' title='bbox 1753 941 1876 974; x_wconf 92' lang='lat' dir='ltr'>con-</span> 
     </span>
     <span class='ocr_line' id='line_1_8' title="bbox 142 1004 1872 1074; baseline 0.002 -20"><span class='ocrx_word' id='word_1_40' title='bbox 142 1011 426 1072; x_wconf 79' lang='lat' dir='ltr'>gregatam.</span> <span class='ocrx_word' id='word_1_41' title='bbox 524 1004 952 1074; x_wconf 85' lang='lat' dir='ltr'>Expectantibus</span> <span class='ocrx_word' id='word_1_42' title='bbox 1010 1005 1255 1057; x_wconf 90' lang='lat' dir='ltr'>omnibus</span> <span class='ocrx_word' id='word_1_43' title='bbox 1307 1004 1638 1056; x_wconf 90' lang='lat' dir='ltr'>vocationem</span> <span class='ocrx_word' id='word_1_44' title='bbox 1705 1023 1872 1070; x_wconf 86' lang='lat' dir='ltr'>suam,</span> 
     </span>
     <span class='ocr_line' id='line_1_9' title="bbox 146 1087 1874 1157; baseline 0.002 -20"><span class='ocrx_word' id='word_1_45' title='bbox 146 1104 262 1138; x_wconf 88' lang='lat' dir='ltr'>ecce</span> <span class='ocrx_word' id='word_1_46' title='bbox 297 1087 456 1156; x_wconf 91' lang='lat' dir='ltr'>primi</span> <span class='ocrx_word' id='word_1_47' title='bbox 499 1089 678 1140; x_wconf 86' lang='lat' dir='ltr'>adesse</span> <span class='ocrx_word' id='word_1_48' title='bbox 711 1088 847 1157; x_wconf 90' lang='lat' dir='ltr'>jussi</span> <span class='ocrx_word' id='word_1_49' title='bbox 886 1095 1029 1151; x_wconf 90' lang='lat' dir='ltr'>sunt,</span> <span class='ocrx_word' id='word_1_50' title='bbox 1066 1088 1313 1138; x_wconf 85' lang='lat' dir='ltr'>abbatem</span> <span class='ocrx_word' id='word_1_51' title='bbox 1353 1087 1591 1150; x_wconf 88' lang='lat' dir='ltr'>electuri,</span> <span class='ocrx_word' id='word_1_52' title='bbox 1635 1089 1779 1156; x_wconf 90' lang='lat' dir='ltr'>prior</span> <span class='ocrx_word' id='word_1_53' title='bbox 1819 1098 1874 1140; x_wconf 90' lang='lat' dir='ltr'>et</span> 
     </span>
     <span class='ocr_line' id='line_1_10' title="bbox 143 1169 1873 1240; baseline 0.001 -19"><span class='ocrx_word' id='word_1_54' title='bbox 143 1169 386 1222; x_wconf 86' lang='lat' dir='ltr'>monachi</span> <span class='ocrx_word' id='word_1_55' title='bbox 427 1171 592 1222; x_wconf 89' lang='lat' dir='ltr'>sancti</span> <span class='ocrx_word' id='word_1_56' title='bbox 627 1171 851 1222; x_wconf 91' lang='lat' dir='ltr'>Martini</span> <span class='ocrx_word' id='word_1_57' title='bbox 893 1171 958 1222; x_wconf 90' lang='lat' dir='ltr'>de</span> <span class='ocrx_word' id='word_1_58' title='bbox 1003 1170 1175 1234; x_wconf 92' lang='lat' dir='ltr'>Bello,</span> <span class='ocrx_word' id='word_1_59' title='bbox 1214 1170 1666 1238; x_wconf 87' lang='lat' dir='ltr'>procedentesque</span> <span class='ocrx_word' id='word_1_60' title='bbox 1714 1171 1873 1240; x_wconf 89' lang='lat' dir='ltr'>primi</span> 
     </span>
     <span class='ocr_line' id='line_1_11' title="bbox 144 1253 1872 1323; baseline 0.001 -18"><span class='ocrx_word' id='word_1_61' title='bbox 144 1254 282 1305; x_wconf 90' lang='lat' dir='ltr'>intra</span> <span class='ocrx_word' id='word_1_62' title='bbox 319 1263 497 1322; x_wconf 89' lang='lat' dir='ltr'>portas</span> <span class='ocrx_word' id='word_1_63' title='bbox 527 1254 714 1323; x_wconf 86' lang='lat' dir='ltr'>regias,</span> <span class='ocrx_word' id='word_1_64' title='bbox 747 1254 953 1306; x_wconf 88' lang='lat' dir='ltr'>caeteris</span> <span class='ocrx_word' id='word_1_65' title='bbox 992 1254 1122 1305; x_wconf 89' lang='lat' dir='ltr'>foris</span> <span class='ocrx_word' id='word_1_66' title='bbox 1163 1253 1592 1322; x_wconf 81' lang='lat' dir='ltr'>expectantibuS,</span> <span class='ocrx_word' id='word_1_67' title='bbox 1628 1264 1753 1307; x_wconf 90' lang='lat' dir='ltr'>sunt</span> <span class='ocrx_word' id='word_1_68' title='bbox 1791 1257 1872 1307; x_wconf 91' lang='lat' dir='ltr'>in-</span> 
     </span>
     <span class='ocr_line' id='line_1_12' title="bbox 143 1328 1871 1409; baseline 0.001 -19"><span class='ocrx_word' id='word_1_69' title='bbox 143 1338 392 1401; x_wconf 88' lang='lat' dir='ltr'>troducti,</span> <span class='ocrx_word' id='word_1_70' title='bbox 418 1357 476 1390; x_wconf 91' lang='lat' dir='ltr'>ac</span> <span class='ocrx_word' id='word_1_71' title='bbox 512 1338 569 1390; x_wconf 92' lang='lat' dir='ltr'>in</span> <span class='ocrx_word' id='word_1_72' title='bbox 604 1338 942 1408; x_wconf 74' lang='lat' dir='ltr'>praesentiam</span> <span class='ocrx_word' id='word_1_73' title='bbox 973 1328 1258 1390; x_wconf 83' lang='lat' dir='ltr'>Gileberti&#39;</span> <span class='ocrx_word' id='word_1_74' title='bbox 1276 1337 1571 1389; x_wconf 85' lang='lat' dir='ltr'>Londoniae</span> <span class='ocrx_word' id='word_1_75' title='bbox 1598 1339 1871 1409; x_wconf 83' lang='lat' dir='ltr'>episcopi,l</span> 
     </span>
     <span class='ocr_line' id='line_1_13' title="bbox 144 1422 1873 1491; baseline 0.001 -17"><span class='ocrx_word' id='word_1_76' title='bbox 144 1430 198 1473; x_wconf 89' lang='lat' dir='ltr'>et</span> <span class='ocrx_word' id='word_1_77' title='bbox 222 1423 550 1491; x_wconf 89' lang='lat' dir='ltr'>quarundam</span> <span class='ocrx_word' id='word_1_78' title='bbox 588 1423 809 1474; x_wconf 88' lang='lat' dir='ltr'>aliarum</span> <span class='ocrx_word' id='word_1_79' title='bbox 831 1440 1191 1491; x_wconf 90' lang='lat' dir='ltr'>personarum,</span> <span class='ocrx_word' id='word_1_80' title='bbox 1220 1440 1349 1490; x_wconf 92' lang='lat' dir='ltr'>quas</span> <span class='ocrx_word' id='word_1_81' title='bbox 1375 1422 1442 1472; x_wconf 87' lang='lat' dir='ltr'>ad</span> <span class='ocrx_word' id='word_1_82' title='bbox 1466 1441 1648 1474; x_wconf 91' lang='lat' dir='ltr'>eorum</span> <span class='ocrx_word' id='word_1_83' title='bbox 1673 1423 1873 1476; x_wconf 87' lang='lat' dir='ltr'>animos</span> 
     </span>
     <span class='ocr_line' id='line_1_14' title="bbox 142 1505 1873 1576; baseline -0.001 -16"><span class='ocrx_word' id='word_1_84' title='bbox 142 1506 476 1574; x_wconf 75' lang='lat' dir='ltr'>indagand08‚</span> <span class='ocrx_word' id='word_1_85' title='bbox 515 1505 599 1558; x_wconf 88' lang='lat' dir='ltr'>vel</span> <span class='ocrx_word' id='word_1_86' title='bbox 622 1506 802 1576; x_wconf 91' lang='lat' dir='ltr'>potius</span> <span class='ocrx_word' id='word_1_87' title='bbox 838 1507 903 1557; x_wconf 90' lang='lat' dir='ltr'>ad</span> <span class='ocrx_word' id='word_1_88' title='bbox 928 1525 1016 1556; x_wconf 91' lang='lat' dir='ltr'>eos</span> <span class='ocrx_word' id='word_1_89' title='bbox 1042 1506 1108 1556; x_wconf 89' lang='lat' dir='ltr'>ad</span> <span class='ocrx_word' id='word_1_90' title='bbox 1147 1505 1305 1573; x_wconf 87' lang='lat' dir='ltr'>regiae</span> <span class='ocrx_word' id='word_1_91' title='bbox 1343 1505 1630 1557; x_wconf 87' lang='lat' dir='ltr'>voluntatis</span> <span class='ocrx_word' id='word_1_92' title='bbox 1657 1526 1873 1558; x_wconf 88' lang='lat' dir='ltr'>consen-</span> 
     </span>
     <span class='ocr_line' id='line_1_15' title="bbox 143 1588 1874 1658; baseline 0.001 -16"><span class='ocrx_word' id='word_1_93' title='bbox 143 1609 259 1642; x_wconf 88' lang='lat' dir='ltr'>sum</span> <span class='ocrx_word' id='word_1_94' title='bbox 299 1590 643 1653; x_wconf 89' lang='lat' dir='ltr'>inducendos,</span> <span class='ocrx_word' id='word_1_95' title='bbox 686 1609 786 1641; x_wconf 92' lang='lat' dir='ltr'>rex</span> <span class='ocrx_word' id='word_1_96' title='bbox 829 1599 883 1642; x_wconf 90' lang='lat' dir='ltr'>et</span> <span class='ocrx_word' id='word_1_97' title='bbox 921 1588 1347 1658; x_wconf 87' lang='lat' dir='ltr'>archiepiscopus</span> <span class='ocrx_word' id='word_1_98' title='bbox 1388 1589 1708 1654; x_wconf 86' lang='lat' dir='ltr'>direxerant,</span> <span class='ocrx_word' id='word_1_99' title='bbox 1750 1601 1874 1643; x_wconf 87' lang='lat' dir='ltr'>sunt</span> 
     </span>
     <span class='ocr_line' id='line_1_16' title="bbox 141 1673 1873 1743; baseline 0.001 -19"><span class='ocrx_word' id='word_1_100' title='bbox 141 1674 397 1743; x_wconf 89' lang='lat' dir='ltr'>perducti.</span> <span class='ocrx_word' id='word_1_101' title='bbox 474 1673 737 1725; x_wconf 88' lang='lat' dir='ltr'>Sciscitati</span> <span class='ocrx_word' id='word_1_102' title='bbox 777 1682 901 1725; x_wconf 89' lang='lat' dir='ltr'>sunt</span> <span class='ocrx_word' id='word_1_103' title='bbox 939 1673 1048 1724; x_wconf 91' lang='lat' dir='ltr'>illic</span> <span class='ocrx_word' id='word_1_104' title='bbox 1089 1673 1455 1742; x_wconf 73' lang='lat' dir='ltr'>praesidentes,</span> <span class='ocrx_word' id='word_1_105' title='bbox 1497 1673 1541 1724; x_wconf 92' lang='lat' dir='ltr'>si</span> <span class='ocrx_word' id='word_1_106' title='bbox 1581 1674 1873 1725; x_wconf 90' lang='lat' dir='ltr'>secundum</span> 
     </span>
     <span class='ocr_line' id='line_1_17' title="bbox 143 1756 1871 1827; baseline -0.001 -18"><span class='ocrx_word' id='word_1_107' title='bbox 143 1765 445 1827; x_wconf 90' lang='lat' dir='ltr'>susceptum</span> <span class='ocrx_word' id='word_1_108' title='bbox 467 1757 607 1825; x_wconf 87' lang='lat' dir='ltr'>regis</span> <span class='ocrx_word' id='word_1_109' title='bbox 627 1765 683 1808; x_wconf 88' lang='lat' dir='ltr'>et</span> <span class='ocrx_word' id='word_1_110' title='bbox 714 1756 1092 1825; x_wconf 89' lang='lat' dir='ltr'>archiepiscopi</span> <span class='ocrx_word' id='word_1_111' title='bbox 1109 1756 1417 1807; x_wconf 90' lang='lat' dir='ltr'>mandatum</span> <span class='ocrx_word' id='word_1_112' title='bbox 1436 1756 1682 1808; x_wconf 89' lang='lat' dir='ltr'>instructi</span> <span class='ocrx_word' id='word_1_113' title='bbox 1700 1757 1871 1809; x_wconf 89' lang='lat' dir='ltr'>venis-</span> 
     </span>
     <span class='ocr_line' id='line_1_18' title="bbox 142 1840 1871 1910; baseline 0.001 -18"><span class='ocrx_word' id='word_1_114' title='bbox 142 1849 273 1904; x_wconf 89' lang='lat' dir='ltr'>sent,</span> <span class='ocrx_word' id='word_1_115' title='bbox 318 1841 362 1892; x_wconf 93' lang='lat' dir='ltr'>si</span> <span class='ocrx_word' id='word_1_116' title='bbox 402 1841 605 1892; x_wconf 88' lang='lat' dir='ltr'>litteras</span> <span class='ocrx_word' id='word_1_117' title='bbox 641 1841 705 1892; x_wconf 90' lang='lat' dir='ltr'>de</span> <span class='ocrx_word' id='word_1_118' title='bbox 729 1859 987 1891; x_wconf 90' lang='lat' dir='ltr'>consensu</span> <span class='ocrx_word' id='word_1_119' title='bbox 1026 1840 1384 1892; x_wconf 90' lang='lat' dir='ltr'>universitatis</span> <span class='ocrx_word' id='word_1_120' title='bbox 1423 1858 1548 1902; x_wconf 87' lang='lat' dir='ltr'>suae,</span> <span class='ocrx_word' id='word_1_121' title='bbox 1589 1859 1696 1908; x_wconf 94' lang='lat' dir='ltr'>quo</span> <span class='ocrx_word' id='word_1_122' title='bbox 1723 1842 1871 1910; x_wconf 91' lang='lat' dir='ltr'>quic-</span> 
     </span>
     <span class='ocr_line' id='line_1_19' title="bbox 143 1924 1871 1994; baseline 0.001 -18"><span class='ocrx_word' id='word_1_123' title='bbox 143 1925 274 1994; x_wconf 89' lang='lat' dir='ltr'>quid</span> <span class='ocrx_word' id='word_1_124' title='bbox 313 1925 422 1976; x_wconf 85' lang='lat' dir='ltr'>illic</span> <span class='ocrx_word' id='word_1_125' title='bbox 448 1944 542 1994; x_wconf 92' lang='lat' dir='ltr'>per</span> <span class='ocrx_word' id='word_1_126' title='bbox 574 1933 862 1994; x_wconf 88' lang='lat' dir='ltr'>praesentes</span> <span class='ocrx_word' id='word_1_127' title='bbox 897 1925 1067 1987; x_wconf 91' lang='lat' dir='ltr'>fieret,</span> <span class='ocrx_word' id='word_1_128' title='bbox 1108 1944 1138 1975; x_wconf 90' lang='lat' dir='ltr'>a</span> <span class='ocrx_word' id='word_1_129' title='bbox 1176 1943 1283 1975; x_wconf 90' lang='lat' dir='ltr'>non</span> <span class='ocrx_word' id='word_1_130' title='bbox 1323 1924 1673 1992; x_wconf 75' lang='lat' dir='ltr'>praesentibus</span> <span class='ocrx_word' id='word_1_131' title='bbox 1696 1934 1871 1977; x_wconf 90' lang='lat' dir='ltr'>ratum</span> 
     </span>
     <span class='ocr_line' id='line_1_20' title="bbox 139 2008 1872 2076; baseline 0.001 -17"><span class='ocrx_word' id='word_1_132' title='bbox 139 2008 440 2072; x_wconf 88' lang='lat' dir='ltr'>haberetur,</span> <span class='ocrx_word' id='word_1_133' title='bbox 468 2009 783 2060; x_wconf 88' lang='lat' dir='ltr'>detulissent</span> <span class='ocrx_word' id='word_1_134' title='bbox 804 2029 816 2071; x_wconf 89' lang='lat'>;</span> <span class='ocrx_word' id='word_1_135' title='bbox 859 2008 903 2059; x_wconf 91' lang='lat' dir='ltr'>si</span> <span class='ocrx_word' id='word_1_136' title='bbox 941 2008 998 2058; x_wconf 90' lang='lat' dir='ltr'>in</span> <span class='ocrx_word' id='word_1_137' title='bbox 1023 2008 1255 2076; x_wconf 90' lang='lat' dir='ltr'>aliquam</span> <span class='ocrx_word' id='word_1_138' title='bbox 1279 2027 1557 2076; x_wconf 86' lang='lat' dir='ltr'>personam</span> <span class='ocrx_word' id='word_1_139' title='bbox 1582 2009 1872 2061; x_wconf 85' lang='lat' dir='ltr'>consensis-</span> 
     </span>
     <span class='ocr_line' id='line_1_21' title="bbox 140 2091 2118 2162; baseline -0.003 -18"><span class='ocrx_word' id='word_1_140' title='bbox 140 2100 272 2146; x_wconf 76' lang='lat' dir='ltr'>sent,</span> <span class='ocrx_word' id='word_1_141' title='bbox 347 2092 820 2162; x_wconf 88' lang='lat' dir='ltr'>Respondentibus</span> <span class='ocrx_word' id='word_1_142' title='bbox 844 2091 950 2142; x_wconf 89' lang='lat' dir='ltr'>illis</span> <span class='ocrx_word' id='word_1_143' title='bbox 969 2092 1035 2143; x_wconf 92' lang='lat' dir='ltr'>ad</span> <span class='ocrx_word' id='word_1_144' title='bbox 1060 2091 1283 2160; x_wconf 87' lang='lat' dir='ltr'>singula,</span> <span class='ocrx_word' id='word_1_145' title='bbox 1311 2110 1433 2143; x_wconf 90' lang='lat' dir='ltr'>cum</span> <span class='ocrx_word' id='word_1_146' title='bbox 1460 2092 1675 2160; x_wconf 89' lang='lat' dir='ltr'>quidem</span> <span class='ocrx_word' id='word_1_147' title='bbox 1700 2092 1872 2144; x_wconf 86' lang='lat' dir='ltr'>scisci·</span> <span class='ocrx_word' id='word_1_148' title='bbox 1888 2108 2118 2156; x_wconf 62' lang='lat' dir='ltr'>Thqirnomi.</span> 
     </span>
     <span class='ocr_line' id='line_1_22' title="bbox 140 2150 2083 2244; baseline -0.003 -17"><span class='ocrx_word' id='word_1_149' title='bbox 140 2176 375 2228; x_wconf 89' lang='lat' dir='ltr'>tantibus</span> <span class='ocrx_word' id='word_1_150' title='bbox 400 2184 536 2227; x_wconf 88' lang='lat' dir='ltr'>esset</span> <span class='ocrx_word' id='word_1_151' title='bbox 560 2176 616 2227; x_wconf 92' lang='lat' dir='ltr'>in</span> <span class='ocrx_word' id='word_1_152' title='bbox 642 2175 848 2227; x_wconf 85' lang='lat' dir='ltr'>caeteris</span> <span class='ocrx_word' id='word_1_153' title='bbox 887 2175 1232 2240; x_wconf 88' lang='lat' dir='ltr'>satisfactum,</span> <span class='ocrx_word' id='word_1_154' title='bbox 1272 2194 1614 2244; x_wconf 90' lang='lat' dir='ltr'>personarum</span> <span class='ocrx_word' id='word_1_155' title='bbox 1650 2176 1707 2226; x_wconf 91' lang='lat' dir='ltr'>in</span> <span class='ocrx_word' id='word_1_156' title='bbox 1742 2195 1871 2244; x_wconf 91' lang='lat' dir='ltr'>quas</span> <span class='ocrx_word' id='word_1_157' title='bbox 1886 2150 2083 2232; x_wconf 45' lang='lat' dir='ltr'>{effittffltfff&#39;</span> 
     </span>
     <span class='ocr_line' id='line_1_23' title="bbox 140 2259 1868 2326; baseline -0.002 -14"><span class='ocrx_word' id='word_1_158' title='bbox 140 2269 486 2312; x_wconf 89' lang='lat' dir='ltr'>convenerant</span> <span class='ocrx_word' id='word_1_159' title='bbox 553 2259 802 2312; x_wconf 89' lang='lat' dir='ltr'>electioni</span> <span class='ocrx_word' id='word_1_160' title='bbox 861 2278 1042 2326; x_wconf 85' lang='lat' dir='ltr'>regem</span> <span class='ocrx_word' id='word_1_161' title='bbox 1102 2265 1210 2310; x_wconf 88' lang='lat' dir='ltr'>non</span> <span class='ocrx_word' id='word_1_162' title='bbox 1259 2259 1555 2310; x_wconf 90' lang='lat' dir='ltr'>consentire</span> <span class='ocrx_word' id='word_1_163' title='bbox 1604 2259 1868 2323; x_wconf 85' lang='lat' dir='ltr'>dicebant,</span> 
     </span>
     <span class='ocr_line' id='line_1_24' title="bbox 140 2341 1871 2413; baseline -0.001 -18"><span class='ocrx_word' id='word_1_164' title='bbox 140 2344 336 2413; x_wconf 90' lang='lat' dir='ltr'>quippe</span> <span class='ocrx_word' id='word_1_165' title='bbox 362 2363 482 2396; x_wconf 90' lang='lat' dir='ltr'>cum</span> <span class='ocrx_word' id='word_1_166' title='bbox 506 2363 614 2396; x_wconf 89' lang='lat' dir='ltr'>una</span> <span class='ocrx_word' id='word_1_167' title='bbox 649 2363 829 2396; x_wconf 90' lang='lat' dir='ltr'>earum</span> <span class='ocrx_word' id='word_1_168' title='bbox 855 2343 957 2394; x_wconf 93' lang='lat' dir='ltr'>sibi</span> <span class='ocrx_word' id='word_1_169' title='bbox 983 2343 1197 2395; x_wconf 90' lang='lat' dir='ltr'>omnino</span> <span class='ocrx_word' id='word_1_170' title='bbox 1232 2351 1368 2394; x_wconf 88' lang='lat' dir='ltr'>esset</span> <span class='ocrx_word' id='word_1_171' title='bbox 1392 2341 1677 2409; x_wconf 85' lang='lat' dir='ltr'>incognita,</span> <span class='ocrx_word' id='word_1_172' title='bbox 1704 2342 1871 2394; x_wconf 89' lang='lat' dir='ltr'>altera</span> 
     </span>
     <span class='ocr_line' id='line_1_25' title="bbox 138 2426 1869 2497; baseline -0.001 -16"><span class='ocrx_word' id='word_1_173' title='bbox 138 2428 311 2481; x_wconf 88' lang='lat' dir='ltr'>minus</span> <span class='ocrx_word' id='word_1_174' title='bbox 337 2437 569 2497; x_wconf 88' lang='lat' dir='ltr'>accepta,</span> <span class='ocrx_word' id='word_1_175' title='bbox 595 2447 692 2480; x_wconf 92' lang='lat' dir='ltr'>nec</span> <span class='ocrx_word' id='word_1_176' title='bbox 716 2427 852 2479; x_wconf 88' lang='lat' dir='ltr'>velle</span> <span class='ocrx_word' id='word_1_177' title='bbox 877 2445 1056 2494; x_wconf 88' lang='lat' dir='ltr'>regem</span> <span class='ocrx_word' id='word_1_178' title='bbox 1080 2426 1231 2494; x_wconf 87' lang='lat' dir='ltr'>regni</span> <span class='ocrx_word' id='word_1_179' title='bbox 1256 2427 1338 2477; x_wconf 91' lang='lat' dir='ltr'>sui</span> <span class='ocrx_word' id='word_1_180' title='bbox 1364 2426 1592 2476; x_wconf 92' lang='lat' dir='ltr'>honores</span> <span class='ocrx_word' id='word_1_181' title='bbox 1619 2427 1869 2494; x_wconf 87' lang='lat' dir='ltr'>cuiquam</span> 
     </span>
     <span class='ocr_line' id='line_1_26' title="bbox 139 2509 1869 2581; baseline -0.002 -18"><span class='ocrx_word' id='word_1_182' title='bbox 139 2511 386 2575; x_wconf 89' lang='lat' dir='ltr'>tribuere,</span> <span class='ocrx_word' id='word_1_183' title='bbox 415 2531 575 2581; x_wconf 91' lang='lat' dir='ltr'>quem</span> <span class='ocrx_word' id='word_1_184' title='bbox 600 2530 695 2563; x_wconf 92' lang='lat' dir='ltr'>seu</span> <span class='ocrx_word' id='word_1_185' title='bbox 719 2512 894 2562; x_wconf 90' lang='lat' dir='ltr'>minus</span> <span class='ocrx_word' id='word_1_186' title='bbox 920 2518 1108 2561; x_wconf 93' lang='lat' dir='ltr'>notum</span> <span class='ocrx_word' id='word_1_187' title='bbox 1141 2529 1235 2561; x_wconf 90' lang='lat' dir='ltr'>seu</span> <span class='ocrx_word' id='word_1_188' title='bbox 1271 2517 1575 2577; x_wconf 89' lang='lat' dir='ltr'>suspectum</span> <span class='ocrx_word' id='word_1_189' title='bbox 1600 2509 1869 2560; x_wconf 88' lang='lat' dir='ltr'>videretur</span> 
     </span>
     <span class='ocr_line' id='line_1_27' title="bbox 137 2593 1868 2663; baseline -0.001 -17"><span class='ocrx_word' id='word_1_190' title='bbox 137 2594 347 2648; x_wconf 90' lang='lat' dir='ltr'>habere.</span> <span class='ocrx_word' id='word_1_191' title='bbox 433 2595 583 2647; x_wconf 91' lang='lat' dir='ltr'>Alias</span> <span class='ocrx_word' id='word_1_192' title='bbox 621 2596 802 2663; x_wconf 90' lang='lat' dir='ltr'>itaque</span> <span class='ocrx_word' id='word_1_193' title='bbox 845 2612 1095 2663; x_wconf 90' lang='lat' dir='ltr'>personas</span> <span class='ocrx_word' id='word_1_194' title='bbox 1134 2612 1359 2661; x_wconf 91' lang='lat' dir='ltr'>quarum</span> <span class='ocrx_word' id='word_1_195' title='bbox 1402 2593 1727 2661; x_wconf 89' lang='lat' dir='ltr'>promotioni</span> <span class='ocrx_word' id='word_1_196' title='bbox 1769 2613 1868 2645; x_wconf 87' lang='lat' dir='ltr'>rex</span> 
     </span>
     <span class='ocr_line' id='line_1_28' title="bbox 137 2677 1867 2747; baseline -0.001 -18"><span class='ocrx_word' id='word_1_197' title='bbox 137 2696 402 2730; x_wconf 91' lang='lat' dir='ltr'>assensum</span> <span class='ocrx_word' id='word_1_198' title='bbox 424 2679 691 2747; x_wconf 90' lang='lat' dir='ltr'>praeberet</span> <span class='ocrx_word' id='word_1_199' title='bbox 725 2696 813 2728; x_wconf 89' lang='lat' dir='ltr'>eos</span> <span class='ocrx_word' id='word_1_200' title='bbox 848 2677 1117 2729; x_wconf 90' lang='lat' dir='ltr'>nominare</span> <span class='ocrx_word' id='word_1_201' title='bbox 1142 2678 1447 2739; x_wconf 89' lang='lat' dir='ltr'>monebant,</span> <span class='ocrx_word' id='word_1_202' title='bbox 1475 2685 1646 2745; x_wconf 91' lang='lat' dir='ltr'>utque</span> <span class='ocrx_word' id='word_1_203' title='bbox 1675 2695 1763 2727; x_wconf 90' lang='lat' dir='ltr'>eos</span> <span class='ocrx_word' id='word_1_204' title='bbox 1802 2678 1867 2728; x_wconf 90' lang='lat' dir='ltr'>de</span> 
     </span>
     <span class='ocr_line' id='line_1_29' title="bbox 137 2759 1867 2830; baseline -0.002 -17"><span class='ocrx_word' id='word_1_205' title='bbox 137 2761 406 2813; x_wconf 86' lang='lat' dir='ltr'>voluntate</span> <span class='ocrx_word' id='word_1_206' title='bbox 430 2761 568 2829; x_wconf 87' lang='lat' dir='ltr'>regis</span> <span class='ocrx_word' id='word_1_207' title='bbox 592 2761 800 2830; x_wconf 90' lang='lat' dir='ltr'>plenius</span> <span class='ocrx_word' id='word_1_208' title='bbox 826 2761 1165 2822; x_wconf 88' lang='lat' dir='ltr'>instruerent,</span> <span class='ocrx_word' id='word_1_209' title='bbox 1193 2761 1371 2828; x_wconf 91' lang='lat' dir='ltr'>plures</span> <span class='ocrx_word' id='word_1_210' title='bbox 1397 2759 1472 2810; x_wconf 91' lang='lat' dir='ltr'>eis</span> <span class='ocrx_word' id='word_1_211' title='bbox 1495 2760 1867 2811; x_wconf 89' lang='lat' dir='ltr'>nominetenus</span> 
     </span>
     <span class='ocr_line' id='line_1_30' title="bbox 137 2845 1864 2915; baseline 0 -19"><span class='ocrx_word' id='word_1_212' title='bbox 137 2847 516 2915; x_wconf 89' lang='lat' dir='ltr'>proponebant,</span> <span class='ocrx_word' id='word_1_213' title='bbox 542 2864 683 2897; x_wconf 91' lang='lat' dir='ltr'>nunc</span> <span class='ocrx_word' id='word_1_214' title='bbox 721 2846 983 2896; x_wconf 88' lang='lat' dir='ltr'>minarum</span> <span class='ocrx_word' id='word_1_215' title='bbox 1022 2845 1395 2913; x_wconf 87' lang='lat' dir='ltr'>asperitatibus</span> <span class='ocrx_word' id='word_1_216' title='bbox 1429 2845 1495 2896; x_wconf 90' lang='lat' dir='ltr'>ad</span> <span class='ocrx_word' id='word_1_217' title='bbox 1534 2845 1864 2896; x_wconf 90' lang='lat' dir='ltr'>consentien-</span> 
     </span>
     <span class='ocr_line' id='line_1_31' title="bbox 14 2914 1859 3001; baseline -0.001 -20"><span class='ocrx_word' id='word_1_218' title='bbox 14 2954 17 2986; x_wconf 64' lang='grc' dir='ltr'><strong><em>ε</em></strong></span> <span class='ocrx_word' id='word_1_219' title='bbox 59 2997 62 3001; x_wconf 22' lang='lat'><strong>⁴</strong></span> <span class='ocrx_word' id='word_1_220' title='bbox 108 2930 263 2980; x_wconf 76' lang='lat' dir='ltr'>‘dum</span> <span class='ocrx_word' id='word_1_221' title='bbox 310 2938 576 2998; x_wconf 85' lang='lat' dir='ltr'>urgentes,</span> <span class='ocrx_word' id='word_1_222' title='bbox 621 2948 761 2980; x_wconf 91' lang='lat' dir='ltr'>nunc</span> <span class='ocrx_word' id='word_1_223' title='bbox 815 2930 1097 2980; x_wconf 90' lang='lat' dir='ltr'>verborum</span> <span class='ocrx_word' id='word_1_224' title='bbox 1145 2928 1421 2979; x_wconf 88' lang='lat' dir='ltr'>blanditiis</span> <span class='ocrx_word' id='word_1_225' title='bbox 1463 2914 1859 2996; x_wconf 46' lang='lat' dir='ltr'>persuadentesss</span> 
     </span>
     <span class='ocr_line' id='line_1_32' title="bbox 140 3011 1860 3082; baseline -0.002 -18"><span class='ocrx_word' id='word_1_226' title='bbox 140 3012 360 3064; x_wconf 85' lang='lat' dir='ltr'>Stabant</span> <span class='ocrx_word' id='word_1_227' title='bbox 383 3013 440 3064; x_wconf 90' lang='lat' dir='ltr'>in</span> <span class='ocrx_word' id='word_1_228' title='bbox 473 3032 567 3064; x_wconf 91' lang='lat' dir='ltr'>sua</span> <span class='ocrx_word' id='word_1_229' title='bbox 599 3032 696 3082; x_wconf 89' lang='lat' dir='ltr'>pro</span> <span class='ocrx_word' id='word_1_230' title='bbox 720 3012 921 3063; x_wconf 89' lang='lat' dir='ltr'>viribus</span> <span class='ocrx_word' id='word_1_231' title='bbox 960 3012 1058 3062; x_wconf 86' lang='lat' dir='ltr'>fixi</span> <span class='ocrx_word' id='word_1_232' title='bbox 1093 3011 1358 3062; x_wconf 89' lang='lat' dir='ltr'>sententia</span> <span class='ocrx_word' id='word_1_233' title='bbox 1391 3011 1538 3079; x_wconf 91' lang='lat' dir='ltr'>prior</span> <span class='ocrx_word' id='word_1_234' title='bbox 1564 3020 1619 3062; x_wconf 90' lang='lat' dir='ltr'>et</span> <span class='ocrx_word' id='word_1_235' title='bbox 1655 3011 1860 3075; x_wconf 89' lang='lat' dir='ltr'>fratres,</span> 
     </span>
     <span class='ocr_line' id='line_1_33' title="bbox 137 3095 1862 3166; baseline -0.001 -18"><span class='ocrx_word' id='word_1_236' title='bbox 137 3115 295 3166; x_wconf 91' lang='lat' dir='ltr'>seque</span> <span class='ocrx_word' id='word_1_237' title='bbox 333 3106 486 3150; x_wconf 88' lang='lat' dir='ltr'>extra</span> <span class='ocrx_word' id='word_1_238' title='bbox 514 3117 576 3149; x_wconf 92' lang='lat' dir='ltr'>ea</span> <span class='ocrx_word' id='word_1_239' title='bbox 613 3098 670 3148; x_wconf 90' lang='lat' dir='ltr'>in</span> <span class='ocrx_word' id='word_1_240' title='bbox 710 3097 905 3166; x_wconf 88' lang='lat' dir='ltr'>quibus</span> <span class='ocrx_word' id='word_1_241' title='bbox 939 3095 1244 3146; x_wconf 90' lang='lat' dir='ltr'>monasterii</span> <span class='ocrx_word' id='word_1_242' title='bbox 1284 3095 1366 3146; x_wconf 88' lang='lat' dir='ltr'>sui</span> <span class='ocrx_word' id='word_1_243' title='bbox 1399 3095 1713 3146; x_wconf 86' lang='lat' dir='ltr'>universitas</span> <span class='ocrx_word' id='word_1_244' title='bbox 1740 3114 1862 3146; x_wconf 90' lang='lat' dir='ltr'>con-</span> 
     </span>
     <span class='ocr_line' id='line_1_34' title="bbox 137 3178 1861 3250; baseline 0.001 -20"><span class='ocrx_word' id='word_1_245' title='bbox 137 3189 381 3244; x_wconf 86' lang='lat' dir='ltr'>senserat,</span> <span class='ocrx_word' id='word_1_246' title='bbox 435 3182 642 3250; x_wconf 91' lang='lat' dir='ltr'>sibique</span> <span class='ocrx_word' id='word_1_247' title='bbox 684 3180 926 3231; x_wconf 87' lang='lat' dir='ltr'>facienda</span> <span class='ocrx_word' id='word_1_248' title='bbox 960 3179 1271 3248; x_wconf 86' lang='lat' dir='ltr'>injunxerat</span> <span class='ocrx_word' id='word_1_249' title='bbox 1294 3178 1429 3229; x_wconf 90' lang='lat' dir='ltr'>nihil</span> <span class='ocrx_word' id='word_1_250' title='bbox 1471 3197 1622 3247; x_wconf 91' lang='lat' dir='ltr'>posse</span> <span class='ocrx_word' id='word_1_251' title='bbox 1659 3196 1861 3247; x_wconf 85' lang='lat' dir='ltr'>praesu—</span> 
     </span>
     <span class='ocr_line' id='line_1_35' title="bbox 135 3261 1860 3329; baseline -0.001 -15"><span class='ocrx_word' id='word_1_252' title='bbox 135 3281 275 3315; x_wconf 89' lang='lat' dir='ltr'>mere</span> <span class='ocrx_word' id='word_1_253' title='bbox 299 3273 651 3327; x_wconf 90' lang='lat' dir='ltr'>asseruerunt,</span> <span class='ocrx_word' id='word_1_254' title='bbox 678 3264 909 3317; x_wconf 85' lang='lat' dir='ltr'>maxime</span> <span class='ocrx_word' id='word_1_255' title='bbox 932 3271 1112 3314; x_wconf 89' lang='lat' dir='ltr'>autem</span> <span class='ocrx_word' id='word_1_256' title='bbox 1140 3261 1387 3312; x_wconf 88' lang='lat' dir='ltr'>electioni</span> <span class='ocrx_word' id='word_1_257' title='bbox 1415 3280 1757 3329; x_wconf 88' lang='lat' dir='ltr'>personarum</span> <span class='ocrx_word' id='word_1_258' title='bbox 1794 3264 1860 3313; x_wconf 90' lang='lat' dir='ltr'>ab</span> 
     </span>
     <span class='ocr_line' id='line_1_36' title="bbox 136 3345 1863 3416; baseline -0.001 -18"><span class='ocrx_word' id='word_1_259' title='bbox 136 3346 211 3416; x_wconf 80' lang='lat' dir='ltr'>eis</span> <span class='ocrx_word' id='word_1_260' title='bbox 246 3348 632 3400; x_wconf 90' lang='lat' dir='ltr'>nominatarum</span> <span class='ocrx_word' id='word_1_261' title='bbox 676 3366 730 3398; x_wconf 89' lang='lat' dir='ltr'>se</span> <span class='ocrx_word' id='word_1_262' title='bbox 771 3346 1076 3398; x_wconf 90' lang='lat' dir='ltr'>nullatenus</span> <span class='ocrx_word' id='word_1_263' title='bbox 1115 3345 1472 3412; x_wconf 89' lang='lat' dir='ltr'>adquiescere,</span> <span class='ocrx_word' id='word_1_264' title='bbox 1516 3345 1715 3413; x_wconf 91' lang='lat' dir='ltr'>quippe</span> <span class='ocrx_word' id='word_1_265' title='bbox 1742 3364 1863 3397; x_wconf 88' lang='lat' dir='ltr'>cum</span> 
     </span>
    </p>
   </div>
   <div class='ocr_carea' id='block_1_4' title="bbox 134 3488 1865 3662">
    <p class='ocr_par' dir='ltr' id='par_1_4' title="bbox 134 3488 1865 3662">
     <span class='ocr_line' id='line_1_37' title="bbox 193 3488 1864 3546; baseline 0.001 -15"><span class='ocrx_word' id='word_1_266' title='bbox 193 3488 207 3514; x_wconf 87' lang='lat'>¹</span> <span class='ocrx_word' id='word_1_267' title='bbox 237 3488 400 3532; x_wconf 81' lang='lat' dir='ltr'>Grilbert</span> <span class='ocrx_word' id='word_1_268' title='bbox 431 3490 585 3534; x_wconf 80' lang='lat' dir='ltr'>Foliot.</span> <span class='ocrx_word' id='word_1_269' title='bbox 647 3490 716 3533; x_wconf 91' lang='lat' dir='ltr'>He</span> <span class='ocrx_word' id='word_1_270' title='bbox 743 3505 828 3532; x_wconf 87' lang='lat' dir='ltr'>was</span> <span class='ocrx_word' id='word_1_271' title='bbox 864 3497 952 3532; x_wconf 85' lang='lat' dir='ltr'>act·</span> <span class='ocrx_word' id='word_1_272' title='bbox 1038 3497 1081 3531; x_wconf 91' lang='lat' dir='ltr'>to</span> <span class='ocrx_word' id='word_1_273' title='bbox 1103 3497 1233 3542; x_wconf 84' lang='lat' dir='ltr'>court,</span> <span class='ocrx_word' id='word_1_274' title='bbox 1256 3489 1300 3531; x_wconf 91' lang='lat' dir='ltr'>in</span> <span class='ocrx_word' id='word_1_275' title='bbox 1322 3489 1441 3531; x_wconf 89' lang='lat' dir='ltr'>order</span> <span class='ocrx_word' id='word_1_276' title='bbox 1461 3496 1505 3531; x_wconf 88' lang='lat' dir='ltr'>to</span> <span class='ocrx_word' id='word_1_277' title='bbox 1526 3490 1699 3546; x_wconf 86' lang='lat' dir='ltr'>appoint</span> <span class='ocrx_word' id='word_1_278' title='bbox 1715 3490 1864 3532; x_wconf 89' lang='lat' dir='ltr'>abbots</span> 
     </span>
     <span class='ocr_line' id='line_1_38' title="bbox 134 3543 1865 3604; baseline 0.002 -19"><span class='ocrx_word' id='word_1_279' title='bbox 134 3543 205 3600; x_wconf 89' lang='lat' dir='ltr'>ing</span> <span class='ocrx_word' id='word_1_280' title='bbox 225 3546 267 3589; x_wconf 89' lang='lat' dir='ltr'>in</span> <span class='ocrx_word' id='word_1_281' title='bbox 298 3547 547 3604; x_wconf 85' lang='lat' dir='ltr'>conformity</span> <span class='ocrx_word' id='word_1_282' title='bbox 567 3547 669 3590; x_wconf 89' lang='lat' dir='ltr'>with</span> <span class='ocrx_word' id='word_1_283' title='bbox 703 3547 769 3590; x_wconf 92' lang='lat' dir='ltr'>his</span> <span class='ocrx_word' id='word_1_284' title='bbox 800 3547 954 3604; x_wconf 90' lang='lat' dir='ltr'>princi·</span> <span class='ocrx_word' id='word_1_285' title='bbox 1039 3547 1086 3589; x_wconf 89' lang='lat' dir='ltr'>of</span> <span class='ocrx_word' id='word_1_286' title='bbox 1114 3546 1181 3588; x_wconf 92' lang='lat' dir='ltr'>his</span> <span class='ocrx_word' id='word_1_287' title='bbox 1212 3561 1304 3588; x_wconf 92' lang='lat' dir='ltr'>own</span> <span class='ocrx_word' id='word_1_288' title='bbox 1330 3548 1527 3591; x_wconf 90' lang='lat' dir='ltr'>creation.</span> <span class='ocrx_word' id='word_1_289' title='bbox 1589 3547 1667 3589; x_wconf 85' lang='lat' dir='ltr'>See</span> <span class='ocrx_word' id='word_1_290' title='bbox 1699 3547 1865 3602; x_wconf 87' lang='lat' dir='ltr'>Diceto‚</span> 
     </span>
     <span class='ocr_line' id='line_1_39' title="bbox 134 3601 1349 3662; baseline 0.004 -19"><span class='ocrx_word' id='word_1_291' title='bbox 134 3601 238 3658; x_wconf 84' lang='lat' dir='ltr'>ples.</span> <span class='ocrx_word' id='word_1_292' title='bbox 287 3603 328 3646; x_wconf 95' lang='lat' dir='ltr'>H</span> <span class='ocrx_word' id='word_1_293' title='bbox 333 3619 433 3661; x_wconf 88' lang='lat' dir='ltr'>enry</span> <span class='ocrx_word' id='word_1_294' title='bbox 448 3604 532 3647; x_wconf 90' lang='lat' dir='ltr'>had</span> <span class='ocrx_word' id='word_1_295' title='bbox 548 3613 641 3647; x_wconf 87' lang='lat' dir='ltr'>sent</span> <span class='ocrx_word' id='word_1_296' title='bbox 657 3606 720 3648; x_wconf 86' lang='lat' dir='ltr'>for</span> <span class='ocrx_word' id='word_1_297' title='bbox 736 3605 807 3647; x_wconf 88' lang='lat' dir='ltr'>the</span> <span class='ocrx_word' id='word_1_298' title='bbox 821 3605 952 3662; x_wconf 88' lang='lat' dir='ltr'>priors</span> <span class='ocrx_word' id='word_1_299' title='bbox 1038 3619 1108 3662; x_wconf 90' lang='lat' dir='ltr'>pp.</span> <span class='ocrx_word' id='word_1_300' title='bbox 1131 3605 1229 3659; x_wconf 82' lang='lat'>567,</span> <span class='ocrx_word' id='word_1_301' title='bbox 1251 3605 1349 3648; x_wconf 70' lang='lat'><strong>587.</strong></span> 
     </span>
    </p>
   </div>
   <div class='ocr_carea' id='block_1_5' title="bbox 1607 3684 1690 3723">
    <p class='ocr_par' dir='ltr' id='par_1_5' title="bbox 1607 3684 1690 3723">
     <span class='ocr_line' id='line_1_40' title="bbox 1607 3684 1690 3723; baseline 0 0"><span class='ocrx_word' id='word_1_302' title='bbox 1607 3684 1690 3723; x_wconf 59' lang='lat'>122</span> 
     </span>
    </p>
   </div>
  </div>
 </body>
</html>
