2398 4152
492 510 597 559 100
986 517 1268 558 HISTORIA
1314 516 1727 559 FUNDATIONIS
2390 485 2398 554 ἐ

561 646 597 670 “
617 640 708 693 Ad
734 641 998 710 synodum
1022 659 1148 693 vero
1176 628 1592 692 summonitione
1619 640 1801 709 aliqua
1817 640 1924 691 nisi
1950 648 2247 709 spontanea

487 729 564 779 ire
590 726 839 789 voluerit,
875 734 1012 777 teste
1044 734 1189 778 carta
1223 744 1320 777 sua
1360 725 1447 777 hic
1487 725 1724 794 perlecta
1759 732 1815 775 et
1837 743 1982 776 more
2010 723 2248 792 antiqui-

487 811 615 863 tatis
655 812 713 863 in
756 811 976 862 ecclesia
1019 830 1114 863 sua
1155 811 1416 861 hactenus
1466 817 1792 875 conservato,
1844 809 2094 878 compelli
2133 826 2243 859 non

486 897 706 966 poterit.
785 896 945 948 Unde
971 904 1036 947 ut
1068 914 1256 947 verum
1291 895 1478 958 fatear,
1505 894 1583 946 ire
1619 895 1688 945 ad
1721 894 1983 960 synodum
2018 893 2104 945 vel
2136 911 2246 943 non

487 982 583 1045 ire,
630 983 868 1051 ejusdem
900 981 1039 1051 juris
1084 989 1139 1032 et
1182 988 1492 1049 spontaneae
1528 979 1823 1030 voluntatis
1863 997 1976 1029 esse
2003 995 2247 1047 compro-

488 1067 664 1118 batur.
743 1065 963 1134 Quippe
992 1083 1114 1116 cum
1159 1072 1366 1126 vestrae,
1408 1072 1472 1114 ut
1498 1064 1746 1115 omnibus
1771 1071 1940 1132 patet,
1982 1081 2092 1114 non
2119 1062 2245 1112 sub-

481 1153 659 1220 jaceat
684 1150 897 1215 ditioni,
939 1150 1033 1201 sed
1057 1149 1194 1201 liber
1220 1148 1438 1200 omnino
1474 1149 1540 1199 ab
1566 1148 1813 1199 universa
1835 1155 2011 1199 vestra
2047 1145 2247 1197 existat

488 1236 838 1305 subjectione.

561 1323 596 1347 ‘⁶
625 1319 788 1371 Illum
828 1339 859 1371 a
883 1319 1034 1371 vobis
1061 1318 1582 1371 excommunicatum
1611 1316 1924 1387 perhibetiS.
2003 1315 2125 1368 Hoc
2165 1313 2247 1365 illi

487 1405 845 1474 omnibusque
890 1404 998 1455 suis
1037 1404 1341 1454 mirandum
1372 1403 1604 1466 videtur,
1653 1402 1781 1471 quia
1808 1409 2064 1470 tempore
2104 1398 2246 1468 regis

488 1489 749 1559 Stephani
786 1489 865 1539 nil
902 1489 1211 1558 hujusmodi
1250 1507 1410 1556 super
1434 1488 1589 1539 illum
1624 1486 2044 1556 praesumptione
2079 1493 2245 1536 teme-

483 1574 622 1626 raria
658 1572 751 1626 vos
786 1582 994 1626 constat
1036 1573 1222 1642 egisse.
1301 1572 1454 1626 Quid
1495 1591 1621 1641 ergo
1657 1572 1821 1641 hujus
1860 1589 2003 1622 nunc
2039 1569 2244 1625 >domini

482 1659 654 1711 nostri
691 1661 833 1728 regis
859 1666 1100 1728 tempore
1141 1677 1173 1710 a
1196 1658 1346 1710 vobis
1375 1666 1553 1709 actum
1594 1657 1665 1707 sit
1703 1655 2037 1725 incognitum
2060 1655 2241 1717 habet,

480 1746 780 1815 praesertim
806 1764 928 1796 cum
970 1744 1145 1814 primo
1186 1742 1338 1811 regni
1375 1741 1458 1793 sui
1490 1760 1647 1805 anno,
1682 1741 1799 1810 ipso
1820 1740 2036 1792 domino
2061 1747 2244 1791 nostro

480 1848 604 1898 rege
631 1829 689 1880 in
714 1829 935 1880 ecclesia
959 1828 1126 1880 sancti
1152 1827 1303 1879 Petri
1322 1825 1986 1888 Westmonasterii,rvobis'
1997 1824 2242 1892 utrisque

483 1933 606 1965 cum
632 1913 749 1965 aliis
774 1913 959 1965 multis
977 1911 1354 1982 praesentibUS,
1380 1911 1593 1962 missam
1619 1910 2000 1975 audiente,ubi
2024 1917 2244 1965 ventum

482 2007 565 2050 est
590 2000 658 2051 ad
695 2003 709 2026 ‘
733 1998 852 2050 Pax
879 1996 1137 2061 Domini,’
1165 2015 1275 2059 vos,
1303 2003 1367 2047 ut
1398 1995 1561 2046 moris
1585 1996 1833 2060 habetur,
1860 2013 1990 2064 pace
2018 2013 2049 2045 a
2074 2012 2242 2045 sacer-

481 2085 605 2136 dote
649 2090 866 2152 accepta
912 2082 1128 2134 domino
1171 2081 1284 2149 regi
1335 2081 1611 2144 attulistis,
1658 2089 1822 2149 atque
1864 2080 2045 2132 abbati
2090 2079 2242 2131 vobis

481 2177 623 2220 statu
657 2166 1032 2238 propinquiori
1069 2168 1262 2237 juncto
1302 2166 1644 2236 postmodum
1690 2166 1931 2235 ejusdem
1969 2164 2116 2234 pacis
2156 2182 2239 2216 os-

480 2254 662 2306 culum
711 2273 820 2305 non
860 2260 925 2305 ut
964 2251 1447 2314 excommunicem,
1501 2251 1593 2302 sed
1643 2258 1707 2301 ut
1753 2250 1865 2301 filio
1910 2249 2148 2301 ecclesiae
2184 2257 2240 2301 et

206 2356 281 2387 The
295 2354 455 2398 Bishop's
481 2338 785 2391 Christiano
828 2336 1147 2390 tribuistis.”
1205 2335 1315 2387 ,Ad
1355 2337 1471 2387 haec
1515 2336 1832 2405 episcopus:
1876 2339 1911 2363 “
1941 2334 2000 2386 Si
2040 2335 2096 2385 in
2136 2335 2239 2386 hoc

207 2398 363 2439 apology'
475 2433 571 2476 aut
615 2425 793 2476 animo
834 2422 1082 2475 inscienti
1120 2422 1206 2473 vel
1242 2421 1516 2473 nonnullis
1550 2430 1614 2472 ut
1646 2421 1966 2472 multociens
1991 2419 2239 2489 provenit

476 2509 894 2579 cogitationibus
920 2515 1242 2577 occupatum
1269 2506 1548 2558 temerarie
1585 2513 1794 2557 constat
1819 2525 1904 2556 me
1946 2505 2236 2573 deliquisse

474 2613 594 2646 mea
633 2594 808 2663 culpa,
857 2600 1138 2663 peccatum
1184 2609 1367 2642 meum
1413 2590 1628 2642 domino
1671 2607 1792 2640 meo
1836 2588 2234 2657 archiepiscopo

475 2679 766 2741 confessus,
807 2677 1135 2748 poenitentia
1176 2675 1309 2727 mihi
1355 2676 1422 2726 ab
1468 2675 1655 2726 eodem
1694 2674 1938 2744 injuncta
1978 2672 2235 2724 delictum

474 2764 610 2816 illud
637 2763 889 2816 diluam.”

203 2876 276 2907 The
291 2876 401 2907 ohan-
550 2852 584 2877 “
613 2849 679 2900 In
718 2849 877 2901 cartis
902 2847 1139 2899 ecclesiae
1180 2863 1291 2898 suae
1327 2847 1392 2898 de
1420 2846 1629 2910 Bello,”
1665 2844 2007 2897 cancellarius
2033 2843 2231 2912 inquit,

200 2916 429 2991 fi‘iissssfoemi'
476 2939 510 2968 ‘·‘
532 2952 655 3003 quae
714 2934 917 3003 capella
965 2933 1104 3001 regis
1154 2932 1370 3001 propria
1420 2932 1667 2982 omnibus
1717 2949 1829 2981 esse
1880 2938 2068 2997 patens
2132 2937 2231 2992 est,

473 3028 659 3071 contra
712 3018 1113 3071 Cantuariensis
1179 3016 1417 3068 ecclesiae
1467 3016 1553 3066 vel
1604 3016 1763 3066 etiam
1812 3022 2003 3065 vestrae
2056 3012 2235 3064 Cices-

472 3104 664 3155 trensis
689 3103 995 3172 dignitates,
1022 3102 1100 3153 nil
1125 3102 1250 3153 novi
1275 3101 1516 3163 insitum,
1546 3099 1794 3151 omnibus
1810 3117 1971 3166 quam
1995 3098 2231 3149 maxime

470 3188 937 3258 praeclarissimum
988 3195 1083 3239 est.
1176 3186 1267 3238 Ab
1323 3186 1510 3237 inclito
1576 3184 1718 3236 enim
1768 3202 1892 3252 rege
1943 3183 2227 3234 Willelmo

471 3275 657 3325 eadem
697 3273 915 3325 ecclesia
956 3279 1260 3324 constructa
1301 3270 1551 3322 maximis
1591 3277 1646 3321 et
1687 3267 1954 3338 praeclaris
1996 3268 2227 3337 dignita-

468 3358 614 3409 tibus
653 3358 953 3410 Lanfranco
982 3356 1356 3421 Cantuariensi
1398 3354 1814 3423 archiepiscopO,
1857 3354 2082 3423 aliisque
2111 3356 2225 3425 epi-

468 3443 631 3512 copiS,
672 3443 975 3505 abbatibus,
1016 3441 1307 3492 baronibus
1333 3440 1623 3503 nonnullis,
1674 3440 1837 3508 juxta
1863 3457 2071 3490 coronae
2110 3440 2227 3494 An:

466 3528 591 3595 gliae
633 3527 967 3596 dignitatem,
1010 3545 1132 3578 cum
1181 3544 1307 3594 rege
1357 3544 1453 3577 suo
1503 3523 1939 3589 confirmantibus
2004 3523 2226 3575 ecclesia

467 3612 728 3681 praedicta
753 3612 1062 3663 confirmata
1096 3619 1193 3674 est,
1236 3609 1366 3680 quas
1398 3611 1558 3661 etiam
1596 3626 1768 3678 usque
1803 3607 1964 3659 hodie
2003 3608 2225 3662 inviola:

469 3696 568 3747 bili
608 3697 732 3764 jure
777 3696 1013 3747 tenuisse
1064 3695 1457 3763 comprobatur.
1536 3693 1686 3748 Quas
1729 3693 1906 3755 etiam,
1947 3701 2221 3762 praeceth
