2398 4152
164 1059 376 1109 tandem
414 1061 833 1128 peremptorium
875 1063 1019 1129 apud
1061 1069 1299 1112 sanctum
1327 1061 1555 1111 Paulum
1582 1061 1896 1124 Lundoniis,

659 441 1023 482 MONASTERII
1066 443 1145 483 DE
1187 443 1393 484 BELLo.
1798 430 1899 486 117

44 567 48 596 ῖ
93 607 95 613 ,
169 567 282 610 tum
332 561 638 631 episcopum
687 564 1134 627 Lundoniensem,
1186 584 1216 616 a
1269 566 1390 616 sede
1449 565 1740 634 apostolica
1803 585 1899 635 per

91 663 98 703 j
166 643 449 712 praefatum
470 645 770 698 Robertum
789 647 1173 716 Philosophum
1191 657 1204 684 ¹
1227 648 1545 716 impetravit,
1578 657 1640 699 ut
1661 649 1704 698 si
1724 650 1897 717 judici

166 745 323 795 super
348 728 523 779 clerici
561 730 618 780 in
654 730 923 782 ecclesiam
954 731 1246 782 intrusione
1281 740 1561 794 constaret,
1608 750 1730 782 eum
1753 732 1896 782 omni

92 849 94 851 >
167 810 434 861 occasione
467 820 670 864 remota
707 822 988 877 amoveret,
1027 814 1302 882 ipsamque
1329 814 1601 864 ecclesiam
1636 814 1816 865 abbati
1842 823 1896 865 et

42 896 44 898 ’
88 920 90 923 -
165 893 432 944 monachis
473 895 537 946 de
565 895 719 946 Bello
756 897 1072 947 auctoritate
1098 897 1387 965 apostolica
1410 897 1731 947 restitueret.
1808 896 1896 948 Ci-
1917 917 2124 958 'rheparties

1919 968 2043 999 appear
2053 958 2089 989 in
2101 959 2139 990 St

165 983 305 1027 tatus
348 977 570 1028 clericus
613 979 775 1029 semel
815 987 870 1030 et
911 979 1123 1041 iterum,
1164 997 1261 1029 nec
1303 997 1625 1047 comparens,
1663 980 1730 1030 ad
1757 980 1896 1030 diem
1919 979 2153 1072 pffeuffblfford

1839 1063 1849 1072 .
2021 1050 2049 1072 1³
2074 1050 2130 1081 op.

163 1141 339 1192 venire
385 1143 735 1210 compellitur.
813 1143 1152 1195 Conveniunt
1194 1152 1370 1212 partes
1414 1152 1469 1194 et
1507 1144 1656 1194 litem
1691 1144 1895 1206 ineunt,

26 1202 92 1287 svis
165 1224 410 1293 episcopo
453 1224 564 1275 illic
602 1225 921 1294 praesidente
957 1226 1156 1295 judice.
1234 1225 1368 1293 Agit
1412 1226 1592 1288 abbas,
1638 1226 1894 1289 veritatis,

162 1307 396 1370 rationiS,
424 1316 479 1358 et
517 1316 777 1359 cartarum
813 1308 985 1358 fultus
1013 1308 1348 1370 testimonio3
1391 1308 1644 1358 renititur
1678 1309 1897 1360 clericus

163 1408 258 1458 pro
280 1390 498 1453 viribus,
526 1391 762 1442 ecclesiae
787 1391 914 1442 licet
931 1391 1107 1442 minus
1133 1391 1378 1442 canonice
1406 1391 1688 1459 adquisitae
1712 1392 1896 1442 nolens

164 1481 350 1541 sponte
389 1474 712 1525 renuntiare.
806 1474 1039 1525 Demum
1073 1475 1269 1543 judicis
1313 1474 1531 1525 arbitrio
1574 1475 1897 1542 relinquitur

23 1570 25 1572 ’
164 1556 442 1607 diffinitiva
481 1558 758 1608 sententia.
837 1557 949 1610 Qui
994 1576 1114 1608 cum
1154 1558 1499 1608 assessoribus
1540 1558 1648 1609 suis
1688 1559 1752 1608 de
1788 1578 1897 1609 om·
1920 1564 2132 1597 Sentencein

42 1371 47 1382 Ι

48 1457 65 1469 lu
91 1458 93 1461 “

58 2098 82 2115 ¹..

38 2189 81 2209 ,μή

37 2243 46 2258 e
65 2242 68 2246 ,
83 2239 85 2242 ⁴

20 2271 25 2275 .
69 2262 78 2275 l.

18 2291 29 2306 l
42 2283 63 2326 ,ὀᾶ
75 2307 78 2312 ι

24 2392 29 2394 ,
40 2380 64 2396 bt

36 2401 66 2423 ἢ.

16 2466 19 2471 f
33 2432 76 2467 »ἐψ-

37 2470 66 2486 ι’·

1917 1605 1993 1637 favo
2070 1606 2087 1637 f

162 1640 320 1690 nibus
364 1640 655 1704 conferens,
697 1640 879 1692 habito
906 1659 1026 1692 cum
1070 1642 1144 1692 eis
1172 1642 1408 1704 consilio,
1450 1642 1653 1692 ratione
1682 1642 1754 1692 sic
1783 1642 1898 1693 exi·
1919 1648 1978 1679 the
1993 1616 2121 1679 Ἠοῖ·

87 1744 89 1746 ·
163 1731 338 1790 gente,
384 1722 634 1776 clericum
684 1732 937 1792 tanquam
986 1724 1250 1775 intrusum
1299 1725 1364 1775 ab
1410 1725 1525 1792 ipsa
1566 1725 1784 1776 ecclesia
1833 1727 1898 1777 de

83 1832 89 1837 ·
164 1805 386 1857 Trilawe
423 1806 737 1857 auctoritate
764 1806 1053 1875 apostolica
1079 1807 1292 1857 omnino
1318 1807 1530 1869 amovit,
1569 1809 1898 1876 eandemque

164 1889 343 1940 abbati
393 1897 448 1940 et
496 1889 732 1940 ecclesiae
782 1890 948 1940 sancti
1009 1888 1234 1939 Martini
1291 1889 1355 1939 de
1422 1889 1575 1940 Bello
1641 1892 1894 1942 restituit.

111 1971 113 1973 ’
164 1971 391 2023 Addidit
433 1980 611 2024 autem
652 1973 812 2023 abbas
846 1972 980 2022 hanc
1014 1972 1233 2022 eandem
1269 1972 1542 2023 ecclesiam
1581 1974 1644 2023 de
1673 1973 1897 2026 Trilawe

163 2056 387 2124 praefato
433 2056 675 2107 Roberto
717 2055 1042 2124 Philosopho
1085 2056 1389 2118 concedere,
1432 2074 1592 2123 quam
1617 2057 1758 2108 idem
1784 2059 1897 2110 Ro-

160 2140 342 2191 bertus
376 2140 502 2190 dum
540 2139 681 2190 vixit
718 2140 815 2190 sub
843 2148 986 2190 certa
1009 2138 1264 2207 pensione
1292 2139 1528 2190 ecclesiae
1556 2142 1722 2192 sancti
1750 2142 1896 2194 Mar-

162 2222 260 2273 tini
287 2223 351 2273 de
378 2221 530 2273 Bello
557 2222 832 2273 annuatim
858 2221 1105 2272 solvenda
1129 2222 1366 2290 possedit
1389 2223 1624 2291 pacifice.

231 2306 361 2356 Post
402 2305 736 2372 aliquantum
763 2313 975 2373 tempus
1001 2323 1122 2355 cum
1158 2305 1284 2355 huic
1324 2306 1449 2357 vitae
1489 2306 1650 2356 finem
1686 2308 1896 2359 fecisset
1916 2326 1989 2374 'rhq
2003 2326 2103 2374 01an

159 2389 298 2441 idem
347 2389 618 2440 Robertus
663 2388 1036 2456 Philosophus,
1087 2389 1248 2438 abbas
1297 2388 1464 2456 ipsam
1514 2390 1785 2441 ecclesiam
1831 2392 1894 2442 de
1917 2368 2099 2440 iffissd‘im‘

162 2472 385 2524 Trilawe
413 2472 622 2523 cuidam
649 2472 838 2523 clerico
860 2472 1080 2522 Thomae
1105 2471 1317 2521 nomine
1350 2471 1413 2521 de
1452 2490 1506 2522 se
1545 2481 1600 2523 et
1625 2475 1898 2525 commissa

159 2556 261 2606 sibi
301 2555 519 2606 ecclesia
557 2555 622 2605 de
664 2555 817 2606 Bello
865 2554 1249 2623 pensionaliter
1294 2555 1575 2606 tenendam
1618 2558 1893 2610 concessit.

158 2638 360 2690 Verum
394 2638 648 2707 praefatus
674 2638 893 2689 clericus
918 2636 1225 2688 Willelmus
1251 2639 1314 2688 de
1343 2637 1534 2700 Orbec,
1562 2639 1710 2707 prius
1737 2658 1895 2707 quam

160 2721 388 2773 Thomas
429 2721 648 2772 clericus
684 2721 740 2771 in
780 2720 1104 2789 corporalem
1145 2720 1451 2770 mitteretur
1492 2723 1890 2789 possessionem,

156 2805 398 2873 praedicti
426 2802 719 2872 Haymonis
755 2803 967 2853 Peccati
1003 2802 1173 2852 fultus
1199 2804 1511 2871 patrocinio,
1552 2815 1892 2857 memoratam

156 2888 426 2939 ecclesiam
467 2906 575 2938 non
612 2887 794 2937 timuit
826 2886 1016 2936 iterato
1056 2886 1240 2936 illicite
1269 2905 1540 2955 occupare.
1619 2888 1745 2942 Quo
1772 2908 1892 2957 cog-

158 2971 289 3034 nito,
335 2972 496 3022 abbas
534 2989 642 3021 non
668 2971 778 3038 jam
820 2970 1070 3020 clericum
1112 2969 1208 3036 qui
1252 2971 1566 3021 auctoritate
1608 2972 1894 3039 apostolica

154 3055 471 3123 jampridem
509 3054 631 3104 inde
672 3053 886 3103 omnino
926 3060 1132 3102 amotus
1175 3052 1368 3115 fuerat,
1411 3054 1504 3103 sed
1542 3054 1769 3104 militem
1795 3055 1894 3105 sci-

159 3137 283 3188 licet
310 3137 645 3205 Haymonem
673 3136 957 3187 Peccatum
993 3135 1085 3202 qui
1105 3136 1195 3203 jus
1227 3144 1537 3202 patronatus
1563 3136 1891 3199 vendicabat,

158 3221 214 3271 in
239 3239 447 3272 causam
482 3219 799 3271 trahendum
836 3236 947 3268 esse
984 3217 1232 3268 decrevit.
1316 3217 1492 3284 Igitur
1534 3219 1591 3267 in
1625 3219 1895 3271 audientia

159 3311 519 3371 magnatorum
547 3302 640 3370 qui
665 3301 722 3351 in
748 3299 893 3351 curia
928 3299 1073 3366 regia
1095 3299 1235 3349 vices
1262 3300 1460 3350 domini
1486 3301 1622 3368 regis
1660 3319 1893 3370 exeque-

222 3443 233 3467 ¹
264 3443 368 3485 This
403 3443 440 3485 is
487 3458 512 3484 a
545 3441 805 3484 remarkable
843 3454 980 3482 name.
1073 3440 1265 3496 losoplzas.
1342 3441 1459 3497 Orig.
1497 3441 1684 3484 Monast.
1718 3456 1760 3497 p.
1794 3443 1891 3494 587,

161 3499 400 3555 According
435 3507 479 3541 to
516 3499 745 3553 Alteserra,
797 3498 869 3539 the
911 3512 983 3538 an·
1072 3497 1138 3541 ed.
1162 3498 1321 3540 Glfiek.

159 3555 269 3598 cient
319 3563 425 3598 term
461 3556 525 3598 for
557 3571 582 3598 a
614 3555 743 3597 monk
779 3569 860 3596 was
890 3554 982 3610 phi-
