2398 4152
692 452 1056 492 MONASTERII
1100 452 1177 491 DE
1220 452 1424 491 BELLO.
1865 442 1922 491 19

199 573 414 623 tertium
440 574 602 641 juxta
627 574 899 626 ecclesiam
943 583 1134 626 sanctae
1164 574 1353 625 Mariae
1380 594 1408 625 a
1433 583 1581 642 parte
1614 574 1920 641 aquilonali,

199 655 292 705 ubi
319 656 478 706 etiam
503 656 687 711 hortus
711 658 1083 713 monachorum
1110 678 1218 709 esse
1246 659 1415 709 solet.1
1511 726 1515 728 ῃ

268 737 394 789 Tria
423 740 582 790 etiam
607 741 905 792 molendina
945 742 1106 792 habet
1132 741 1349 792 ecclesia
1374 741 1427 792 in
1469 741 1717 791 dominio.
1795 741 1921 792 Duo

195 820 330 872 infra
378 822 602 891 leugam,
654 825 855 876 scilicet
904 844 1068 876 unum
1133 826 1320 876 subtus
1383 824 1720 887 Loxebeche,
1780 825 1928 876 aliud

195 905 413 956 inferius
452 907 508 958 in
547 907 697 970 valle,
737 909 953 959 tertium
992 927 1113 959 vero
1152 908 1344 976 partim
1382 908 1520 958 infra
1558 908 1763 975 leugam
1807 927 1924 976 par-

194 988 290 1038 tim
316 997 397 1039 est
421 1000 591 1054 extra,
631 991 687 1042 in
711 999 860 1058 parte
885 991 1101 1042 australi
1139 991 1391 1052 ecclesiae,
1419 990 1474 1040 in
1500 990 1614 1040 loco
1642 992 1735 1058 qui
1769 1009 1919 1042 voca-

192 1078 279 1121 tur
304 1070 606 1140 Piperinge,
642 1092 722 1137 ea,
750 1092 871 1142 quae
898 1082 1038 1124 terra
1062 1082 1216 1123 extra
1239 1073 1448 1139 leugam
1473 1074 1802 1124 excambiata
1826 1082 1922 1135 est,

190 1172 221 1204 a
245 1154 456 1206 domino
482 1155 546 1206 de
574 1155 913 1219 Cattesfelde,
933 1175 1028 1225 pro
1050 1157 1278 1225 quodam
1293 1164 1445 1223 prato
1470 1156 1707 1224 parvulo,
1730 1156 1824 1226 qui
1845 1164 1925 1207 est

190 1235 246 1286 in
272 1235 567 1289 Bulintune
587 1239 750 1307 juxta
774 1238 1231 1290 Buleworehethe.

261 1319 537 1372 Hactenus
574 1322 639 1373 de
678 1322 796 1384 his;
836 1341 976 1373 nunc
1012 1323 1076 1373 de
1112 1321 1266 1373 terris
1310 1339 1432 1389 quae
1474 1330 1598 1373 sunt
1636 1323 1772 1374 infra
1811 1323 1924 1375 leu-

188 1420 308 1469 gam
331 1402 388 1453 in
412 1404 645 1455 dominio
671 1405 953 1456 dicendum
981 1414 1077 1458 est.

259 1484 325 1536 In
352 1486 533 1538 Petlee
570 1496 651 1540 est
687 1503 794 1539 una
816 1489 964 1546 wista
996 1490 1053 1540 in
1087 1489 1338 1550 dominiO,
1376 1506 1535 1557 quam
1575 1489 1790 1557 quidam
1828 1491 1922 1559 qui

188 1570 472 1622 vocabatur
498 1571 630 1622 Oter
654 1571 780 1623 olim
804 1572 1057 1640 possedit.
1135 1571 1244 1624 Ista
1268 1571 1410 1623 enim
1436 1572 1784 1640 quadraginta
1808 1573 1917 1625 viii.

188 1653 320 1703 acris
345 1662 566 1707 constat.

258 1735 321 1787 In
361 1737 682 1791 Catecumbe
726 1747 851 1790 sunt
894 1740 1131 1808 quinque
1176 1755 1326 1801 acrae,
1372 1754 1495 1805 quae
1533 1739 1713 1806 jacent
1754 1758 1919 1808 prope

190 1818 610 1889 Wetlingetune.

258 1902 408 1956 Inter
434 1904 617 1956 Petlee
654 1913 708 1957 et
743 1904 1044 1956 Uccheham
1081 1906 1262 1972 jacent
1299 1905 1647 1973 quadraginta
1683 1904 1738 1955 ii.
1764 1922 1918 1967 acrae,

191 1995 246 2038 et
270 2005 439 2056 usque
464 1989 689 2061 adviam
715 2005 837 2057 quae
861 1988 1005 2040 vadit
1029 1988 1093 2038 de
1119 1986 1274 2039 Bello
1299 1988 1366 2039 ad
1392 1988 1812 2055 Wetlingetune.

256 2070 319 2121 In
346 2070 648 2124 Uccheham
687 2081 811 2124 sunt
850 2082 957 2124 tres
990 2072 1176 2134 wistae,
1218 2090 1339 2123 cum
1384 2079 1537 2139 prato
1564 2071 1659 2139 qui
1703 2079 1920 2123 vocatur

191 2155 483 2207 Hanwisse.

258 2238 699 2307 Bodeherstegate
725 2236 893 2308 usq'ue
931 2240 997 2290 ad
1034 2239 1171 2290 viam
1205 2240 1366 2307 juxta
1393 2236 1724 2289 Hechilande
1756 2239 1917 2306 jacet,

188 2341 400 2391 campus
423 2323 780 2391 permaximus
804 2323 1052 2374 incultus.

259 2404 324 2457 In
350 2406 679 2458 Hechilande
703 2415 828 2458 sunt
853 2407 972 2458 duae
999 2407 1183 2458 wistae.

256 2489 550 2542 Santlachae
577 2508 745 2557 usque
771 2491 837 2541 ad
862 2490 1082 2540 domum?
1104 2489 1432 2540 infirmorum
1464 2488 1728 2539 habentur
1753 2490 1911 2540 xxi&a

186 2591 320 2625 aerae
347 2582 401 2624 et
425 2592 547 2635 una,
575 2573 668 2641 qui
693 2572 839 2623 locus
867 2572 1026 2623 Dune
1052 2581 1285 2623 vocatur.

254 2657 346 2707 Ex
370 2657 472 2707 alia
495 2664 643 2725 parte
669 2656 786 2718 viae,
813 2657 906 2706 ubi
931 2656 1057 2706 olim
1081 2674 1200 2723 pars
1226 2655 1404 2722 aliqua
1428 2654 1595 2705 vineae
1622 2654 1744 2716 fuit,
1773 2663 1828 2706 et
1861 2655 1917 2705 in

186 2740 485 2809 Celvetege,
531 2758 653 2809 quae
695 2748 820 2790 sunt
859 2757 929 2790 ex
973 2739 1188 2790 australi
1231 2746 1381 2806 parte
1422 2737 1672 2801 ecclesiae,
1701 2755 1916 2806 compu—

183 2831 363 2875 tantur
386 2823 576 2874 xxxvi.
604 2841 754 2874 acrae.

252 2906 318 2957 In
355 2915 495 2958 terra
517 2907 581 2958 de
609 2906 937 2975 Chapenore,
979 2925 1100 2975 quae
1140 2915 1221 2957 est
1251 2908 1414 2975 juxta
1449 2905 1582 2968 illas,
1611 2905 1914 2973 quindecim

180 3008 312 3041 acrae
340 2998 481 3053 sunt,
509 2989 751 3058 exceptis
777 2989 872 3040 xii.
916 2989 1047 3041 acris
1075 3007 1205 3057 quas
1241 2988 1459 3040 ecclesia
1499 2996 1692 3040 sanctae
1721 2988 1911 3039 Mariae

182 3074 360 3127 habet.

254 3158 402 3210 Inter
428 3158 751 3210 Bodeherste
778 3166 832 3208 et
859 3157 1209 3220 Hechilande,
1238 3167 1292 3209 et
1331 3158 1470 3209 inter
1510 3158 1724 3208 domum
1766 3155 1910 3206 infir-

176 3261 380 3295 morum
429 3252 484 3294 et
522 3242 848 3311 Chapenore,
895 3251 949 3293 et
988 3261 1156 3310 usque
1194 3243 1260 3293 ad
1298 3251 1490 3293 terram
1528 3241 1592 3292 de
1632 3239 1908 3291 Telleham

179 3327 387 3378 xxxvii.
416 3345 550 3377 acrae
576 3334 951 3393 supputantur.

249 3409 348 3460 Est
372 3417 512 3460 terra
536 3410 778 3477 quaedam
804 3426 925 3475 quae
959 3409 1101 3475 jacet
1135 3407 1273 3457 inter
1298 3407 1608 3475 pomarium,
1650 3407 1794 3474 quod
1831 3415 1910 3457 est

409 3576 420 3599 ¹
447 3577 525 3620 See
561 3578 626 3619 Sir
659 3578 806 3633 Henry
836 3575 954 3630 Ellis,
1000 3575 1161 3618 Introd.
1183 3582 1225 3617 to
1248 3574 1503 3632 Doomsday,
1526 3574 1555 3619 i.
1581 3577 1678 3618 123.

1628 3661 1648 3686 c
1671 3648 1696 3686 2
