2398 4152
466 471 492 519 l
501 470 534 519 4
962 473 1242 515 HISTORIA
1279 468 1686 513 FUNDATIONIS

535 598 795 652 XXXV.
836 597 1068 649 AElurici
1096 598 1162 648 de
1189 593 1771 664 Dengemareislibera
1809 591 1891 645 est
1927 601 1982 644 et
2007 592 2208 662 quieta,

459 683 827 736 tantummodo
889 680 1359 732 summonitionem
1431 677 1563 729 facit
1636 677 1702 728 de
1762 685 1906 729 terra
1966 678 2208 747 ejusdem

459 767 690 819 AEluriei
734 765 791 816 in
835 763 1219 833 Dengemareis
1264 762 1481 832 quando
1523 760 1801 813 servitium
1839 780 1999 814 suum
2034 761 2208 814 facere

456 852 629 903 debet.

529 933 821 987 XXXVI.
863 933 1146 984 Benedicti
1197 931 1443 1001 dapiferi,
1504 931 1675 982 libera
1733 937 1815 982 e'st
1874 931 2092 983 omnino
2153 938 2209 983 et

456 1018 656 1087 quieta.
1025 1054 1029 1057 -

526 1102 851 1155 XXXVII.
890 1101 1161 1164 Mam-inii,
1200 1100 1292 1153 vii.
1321 1100 1563 1152 denarios
1589 1108 1644 1152 et
1669 1119 1845 1170 opera.

527 1186 882 1240 XXXVIII.
923 1186 1133 1238 AEdrici
1155 1185 1250 1255 qui
1276 1185 1428 1254 signa
1444 1185 1725 1249 fundebat,
1766 1185 1857 1238 vii.
1882 1185 2128 1238 denarios
2152 1193 2208 1237 et

452 1290 628 1341 opera.

524 1355 823 1407 XXXIX.
866 1355 1132 1418 Gunnild,
1171 1354 1262 1407 vii.
1291 1355 1536 1406 denarios
1562 1363 1618 1406 et
1644 1373 1820 1424 opera.

523 1439 650 1491 XL.
691 1439 939 1491 Burnulfi
965 1438 1301 1508 carpentarii,
1339 1438 1431 1490 vii.
1460 1439 1719 1491 denarios

521 1523 680 1576 XLI.
721 1525 934 1576 AEilrici
961 1525 1084 1588 cild,
1123 1524 1214 1576 vii.
1239 1525 1483 1577 denarios
1509 1532 1565 1577 et
1590 1544 1766 1595 opera.

520 1607 713 1661 XLII.
753 1610 998 1661 AEilnodi
1022 1610 1236 1673 sutoriS‚
1274 1610 1366 1663 vii.
1397 1610 1641 1662 denarios
1666 1618 1723 1662 et
1747 1628 1925 1680 opera.

518 1692 736 1745 XLIII.
777 1693 1114 1757 Franeefant,
1140 1694 1231 1747 vii.
1257 1694 1500 1746 denarios
1526 1702 1582 1746 et
1608 1713 1785 1764 opera.

518 1776 767 1829 XLIIII.
823 1777 1007 1832 XLV.
1047 1779 1300 1831 AElduinj
1335 1778 1466 1842 coci,
1512 1779 1652 1842 duae,
1691 1778 1811 1831 xiii.
1863 1778 2106 1831 denarios
2149 1786 2205 1831 et

447 1880 620 1931 opera.

518 1946 732 1999 XLVI.
773 1947 1002 2011 Emmae,
1041 1947 1132 1999 vii.
1162 1948 1406 2000 denarios
1433 1957 1489 2000 et
1514 1966 1691 2018 opera.

518 2030 767 2084 XLVII.
808 2032 1107 2084 AElstrildis
1133 2032 1366 2097 Nonnae‚
1405 2032 1475 2086 vi.
1505 2032 1750 2085 denarios
1775 2042 1831 2085 et
1856 2051 2033 2102 opera.

517 2115 797 2168 XLVIII.
839 2116 990 2168 Petri
1015 2116 1250 2187 pistoris,
1289 2117 1380 2169 vii.
1410 2117 1655 2169 denarios
1682 2124 1739 2169 et
1763 2136 1940 2186 opera.

516 2199 738 2254 XLIX.
780 2201 844 2253 L.
876 2201 1092 2265 Sewini,
1121 2211 1226 2265 11⁸⁹,
1266 2202 1384 2254 xiii.
1413 2202 1656 2254 denarios
1683 2209 1739 2253 et
1764 2219 1939 2270 opera.

515 2283 612 2335 LI.
653 2285 908 2337 Rotberti
933 2287 999 2338 de
1029 2285 1206 2349 Cirisi,
1245 2305 1334 2338 xv,
1362 2286 1605 2338 denarios
1631 2293 1688 2338 et
1713 2303 1891 2354 opera.

515 2367 641 2420 LII.
680 2369 1005 2439 Mathelgari
1032 2369 1203 2434 Ruffi,
1243 2370 1333 2422 vii.
1363 2365 1606 2422 denarios
1631 2378 1688 2422 et
1711 2388 1889 2440 opera.

515 2453 671 2506 LIII.
714 2454 937 2506 Siwardi
966 2454 1236 2524 Stigerop,
1275 2454 1365 2505 vii.
1396 2454 1639 2506 denarios
1665 2462 1721 2505 et
1747 2472 1923 2523 opera.

514 2538 701 2590 LIIII.
744 2539 1027 2602 Golduini,
1055 2539 1147 2591 vii.
1175 2539 1418 2591 denarios
1444 2548 1500 2591 et
1526 2557 1703 2608 opera.

515 2622 635 2675 LV.
675 2623 908 2674 AEduini
933 2623 1090 2687 fabri,
1129 2623 1221 2676 vii.
1251 2623 1495 2675 denarios
1522 2631 1578 2675 et
1603 2642 1779 2693 opera.

514 2705 664 2759 LVI.
705 2705 887 2759 LVII.
931 2707 1178 2776 Sevugel,
1207 2715 1281 2759 11⁸⁸
1298 2748 1313 2772 ,
1352 2726 1409 2761 x.
1438 2708 1682 2760 denarios
1707 2716 1763 2760 et
1787 2726 1964 2778 opera.

518 2791 735 2844 LVIII.
777 2790 1067 2856 Gotselini,
1094 2793 1185 2844 vii.
1216 2783 1458 2845 denarios
1492 2801 1548 2845 et
1574 2812 1750 2862 opera.

514 2874 674 2928 LIX.
715 2874 970 2939 Russelli,
997 2876 1087 2928 vii.
1117 2878 1360 2930 denarios
1387 2885 1442 2929 et
1460 2896 1637 2947 opera.

514 2957 642 3010 LX.
684 2959 977 3023 Lamberti,
1004 2961 1116 3013 viii.
1145 2962 1388 3014 denarios
1415 2970 1471 3014 et
1496 2981 1672 3031 opera.

514 3042 674 3094 LXI.
715 3043 908 3095 Ailrici
928 3045 1162 3114 pistoris,
1190 3047 1287 3099 xii.
1318 3047 1560 3099 denarios
1579 3054 1636 3098 et
1654 3066 1831 3117 opera.

513 3126 706 3179 LXII.
748 3128 991 3181 AEilnodi
1016 3130 1116 3181 filii
1141 3131 1420 3194 Fareman,
1446 3131 1557 3183 viii.
1588 3131 1831 3183 denarios
1852 3139 1907 3183 et
1931 3150 2107 3200 opera.

514 3210 738 3264 LXIII.
781 3212 1051 3266 Gileberti
1077 3215 1273 3279 clerici,
1297 3215 1388 3267 vii.
1420 3216 1663 3268 denarios
1686 3224 1741 3268 et
1765 3235 1940 3286 opera.

515 3294 767 3348 LXIIII.
809 3297 1029 3350 Lefuini
1053 3299 1288 3368 pistoris,
1315 3300 1434 3352 xiii.
1465 3301 1706 3353 denarios
1731 3309 1790 3352 et
1815 3320 1992 3370 opera.

516 3378 696 3432 LXV.
739 3381 990 3445 Herodis,
1025 3383 1101 3435 xi.
1132 3385 1374 3436 denarios
1399 3391 1453 3435 et
1478 3404 1653 3454 opera.

587 3547 677 3597 Ex
702 3549 804 3599 alia
821 3560 969 3618 parte
995 3552 1113 3603 viae.
