2398 4152
659 418 1024 491 MONAs'ran
1067 452 1147 493 DE
1187 453 1391 497 BELLo.
1771 448 1874 504 107

149 576 456 632 conventus»,
497 577 552 621 et
587 588 684 639 per
707 571 971 635 comitem,
1002 573 1377 640 vicecomitem,
1405 579 1646 631 abbatem
1673 590 1727 632 et
1751 600 1872 635 suos

149 652 454 720 requisitus,
494 670 591 722 per
613 653 903 722 plurimum
928 663 1138 724 tempus
1162 667 1334 711 actum
1362 662 1700 731 subterfugit,
1727 675 1781 716 et
1805 684 1871 717 ne

151 735 455 788 conflictum
495 735 657 788 iniret
698 737 1064 805 multipliciter
1118 740 1479 795 dissimulavit.
1556 745 1711 798 Unde
1750 748 1875 800 licet

148 819 439 888 plurimum
496 819 750 888 temporis
800 839 943 872 casso
1004 822 1182 875 labore
1233 836 1644 891 consumeretur,
1703 831 1876 882 noluit

151 911 327 954 tamen
368 903 531 955 abbas
573 903 765 972 coeptis
807 904 1077 968 desistere,
1123 907 1216 958 sed
1254 909 1525 960 dominum
1557 930 1734 979 regem
1761 923 1873 965 tum

148 1004 245 1055 per
286 1005 360 1050 se,
395 994 512 1038 tum
545 1005 644 1056 per
686 1005 808 1039 suos
851 1006 994 1057 saepe
1038 990 1368 1055 convenienS,
1410 1002 1471 1044 ut
1497 1012 1650 1046 causa
1683 996 1796 1063 ipsa
1817 998 1872 1047 in

149 1070 348 1122 curiam
383 1070 583 1139 regiam
624 1070 997 1123 transferretur
1047 1074 1258 1125 tandem
1306 1075 1554 1128 obtinuit.
1631 1077 1736 1129 Sed
1783 1081 1875 1130 do-

148 1154 293 1205 mino
335 1172 457 1222 rege
499 1171 641 1205 nunc
688 1153 747 1206 in
786 1154 1167 1206 Normanniam
1201 1158 1591 1221 transfretante,
1639 1178 1778 1212 nunc
1819 1162 1875 1213 in

149 1236 400 1304 Angliam
437 1237 712 1301 redeunte,
757 1238 1094 1307 negotiisque
1138 1239 1366 1308 propriis
1412 1240 1705 1305 insistente,
1755 1263 1874 1296 cum

149 1339 305 1372 causa
344 1321 526 1372 eadem
550 1339 723 1372 coram
754 1322 985 1390 justiciis
1025 1322 1119 1391 qui
1158 1324 1270 1374 vice
1311 1324 1450 1392 regis
1488 1325 1544 1377 in
1585 1328 1699 1395 ejus
1733 1329 1876 1379 curia

148 1403 505 1472 praesidebant
528 1403 730 1456 diutius
755 1404 1118 1468 ventilaretur,
1162 1406 1286 1457 licet
1322 1425 1421 1458 rex
1453 1426 1593 1459 nunc
1619 1411 1875 1462 mandatis

150 1505 292 1538 nunc
326 1487 609 1557 praeceptis
647 1488 829 1540 abbati
867 1489 1255 1557 plenitudinem
1286 1491 1513 1559 justitiae
1553 1492 1874 1561 frequentis-

148 1571 277 1623 sime
321 1572 580 1623 indiceret
605 1572 865 1636 exhiberi,
903 1591 1177 1641 nunquam
1212 1582 1384 1626 tamen
1409 1594 1491 1626 res
1516 1577 1672 1644 digno
1697 1580 1875 1647 potuit

150 1655 256 1706 fine
292 1655 550 1707 concludi.
639 1655 874 1708 Domino
907 1676 1032 1725 rege
1067 1659 1279 1709 tandem
1314 1660 1456 1727 apud
1493 1659 1870 1714 Clarendonam
1892 1683 2138 1733 Atmgrendon

147 1739 600 1803 moramfaciente,
626 1748 749 1808 post
765 1741 934 1792 multa
954 1743 1183 1794 adversae
1203 1743 1367 1811 partis
1392 1744 1735 1813 subterfugia,
1753 1757 1872 1815 post
1892 1724 2055 1837 ζξὲἑῖἷιᾞῖ

149 1822 591 1875 dissimulationes
637 1824 909 1893 plurimaS,
958 1834 1080 1894 post
1117 1827 1321 1878 abbatis
1367 1836 1421 1878 et
1453 1846 1665 1879 suorum
1686 1831 1872 1897 fatiga·
1893 1809 2095 1897 iea‘i-infffqr

147 1907 318 1958 tiones
336 1908 690 1970 multimodas,
717 1909 932 1978 utrique
943 1910 1083 1978 parti
1107 1911 1249 1979 regia
1267 1911 1519 1964 indicitur
1544 1915 1871 1977 auctoritate,
1894 1889 1976 1921 b⁰th
1991 1896 2125 1932 pamm

149 1999 213 2042 ut
237 1991 322 2042 die
352 1992 718 2054 determinato,
759 1993 906 2061 regio
932 1993 1187 2045 tribunali
1212 1996 1354 2063 apud
1378 1996 1552 2047 locum
1575 1998 1872 2065 praefatum,

147 2074 260 2125 sine
286 2075 429 2127 omni
454 2076 786 2144 subterfugio
805 2086 859 2128 et
877 2078 1291 2130 dissimulatione
1319 2080 1545 2131 debeant
1568 2081 1764 2148 pariter
1796 2100 1874 2131 as-

147 2158 346 2211 sistere.
394 2158 531 2211 Cum
555 2159 721 2227 igitur
746 2162 1077 2213 excusationi
1090 2164 1202 2231 jam
1221 2163 1367 2214 locus
1392 2182 1498 2214 non
1524 2173 1675 2227 esset,
1694 2175 1873 2215 assunt

149 2242 420 2311 utrinque,
464 2243 677 2294 domino
719 2263 843 2312 rege
883 2263 980 2314 pro
1024 2246 1280 2297 tribunali
1323 2247 1600 2299 residente.
1677 2248 1872 2299 Astant
1891 2256 2115 2338 glffiAbbot's

147 2325 204 2376 in
239 2326 414 2378 medio
453 2345 592 2377 unus
618 2346 688 2379 ex
712 2329 980 2380 monachis
1006 2330 1209 2381 abbatis
1238 2330 1539 2382 Osmundus
1563 2331 1789 2393 nomine,
1818 2341 1872 2382 et
1969 2321 1976 2330 ’

150 2408 340 2461 Petrus
380 2411 445 2461 de
474 2399 654 2462 Chriel
691 2412 859 2475 mileS,
903 2414 996 2481 qui
1039 2414 1105 2464 ab
1146 2414 1299 2464 initio
1339 2414 1504 2465 totius
1545 2431 1714 2464 causae
1740 2414 1870 2465 inci-

146 2492 369 2562 pientes,
414 2494 642 2562 qualiter
673 2496 927 2564 jamdicta
952 2506 1091 2548 terra
1115 2498 1178 2547 de
1207 2497 1561 2560 Bernehorne,
1606 2516 1674 2548 ex
1722 2507 1870 2565 parte

144 2576 308 2628 fuerit
354 2578 590 2629 ecclesiae
630 2579 795 2630 sancti
843 2580 1067 2631 Martini
1118 2582 1182 2632 de
1234 2581 1386 2632 Bello
1434 2582 1570 2642 data,
1612 2599 1679 2632 ex
1722 2590 1869 2648 parte

146 2669 458 2729 comparata,
511 2662 740 2730 qualiter
776 2664 1115 2731 postmodum
1162 2665 1351 2727 ablata,
1398 2682 1673 2732 quousque
1714 2665 1870 2715 etiam

137 2744 249 2812 J'am
271 2762 368 2812 per
390 2745 682 2813 plurimum
707 2754 915 2816 tempus
939 2756 1060 2816 post
1093 2748 1203 2798 litis
1238 2748 1529 2816 ingressum
1555 2757 1870 2798 transactum

142 2846 443 2896 processum
467 2829 536 2880 sit
557 2829 615 2881 in
640 2848 811 2893 causa,
840 2849 1012 2882 coram
1037 2850 1160 2899 rege
1187 2840 1241 2882 et
1280 2833 1394 2900 ejus
1424 2831 1766 2882 assessoribus
1801 2850 1870 2881 ex

146 2911 326 2963 ordine
366 2922 749 2982 exposuerunt,
777 2916 1030 2983 conqueri
1057 2916 1215 2966 etiam
1241 2916 1545 2985 adjicientes
1571 2934 1727 2982 super
1751 2915 1869 2981 plu-

145 2994 277 3045 rima
301 3005 356 3047 et
386 2996 722 3065 dispendiosa
745 2999 946 3066 negotii
972 2999 1239 3060 dilatione,
1262 3009 1315 3050 et
1340 2999 1543 3049 abbatis
1569 3017 1627 3048 ac
1654 3016 1865 3047 suorum

139 3076 410 3147 'frequenti
436 3089 490 3131 et
512 3081 658 3132 inani
683 3082 1011 3149 fatigatione.
1091 3083 1224 3133 Cum
1256 3082 1421 3149 igitur
1438 3083 1548 3149 jam
1573 3081 1704 3131 nihil
1730 3091 1865 3131 esset

143 3161 199 3213 in
225 3182 330 3231 quo
353 3164 705 3216 recordationi
729 3166 1111 3233 prosecutionis
1137 3184 1306 3216 causae
1331 3164 1497 3231 possit
1530 3164 1717 3214 merito
1743 3182 1864 3213 con-

145 3247 345 3311 tradici,
390 3247 536 3300 curia
572 3248 718 3315 regia
756 3248 812 3299 in
852 3249 1093 3299 omnibus
1133 3247 1493 3298 testimonium
1535 3247 1862 3313 perhibente,

145 3347 215 3379 ex
251 3330 389 3398 regis
427 3331 770 3400 permissione
812 3331 1062 3398 leguntur
1086 3331 1142 3381 in
1169 3330 1401 3380 omnium
1426 3329 1693 3379 audientia
1719 3349 1865 3396 cyro-

142 3412 339 3480 grapha
376 3414 659 3482 emptionis
703 3423 757 3465 et
806 3413 1119 3475 donationis,
1166 3413 1256 3462 sed
1299 3421 1352 3461 et
1391 3420 1546 3461 cartae
1591 3413 1865 3462 confirma-

143 3495 364 3549 tionum.
419 3497 633 3551 Quibus
653 3516 771 3547 cum
799 3497 928 3564 quid
953 3496 1291 3564 responderet
1315 3512 1432 3561 pars
1458 3494 1668 3544 adversa
1693 3494 1865 3544 minus

143 3579 380 3645 haberet,
401 3582 712 3635 Gilebertus
732 3582 795 3632 de
816 3579 1007 3631 Baillol
1025 3600 1089 3631 ne
1110 3579 1242 3631 nihil
1258 3578 1483 3646 objicere
1504 3578 1785 3639 videretur,
1810 3598 1862 3627 sc
