2398 4152
462 442 488 491 1
497 441 566 492 02
923 451 1206 493 HISTORIA
1249 451 1663 495 FUNDATIONIS

456 576 838 647 perquisistis?
934 575 1110 646 Super
1148 576 1311 629 fidem
1327 585 1417 635 iet
1466 584 1851 631 sacramentum
1901 576 2049 647 quod
2085 576 2221 629 mihi

457 662 681 724 debetis,
708 668 773 712 ut
795 660 969 713 veraci
993 660 1094 712 hoc
1130 661 1265 712 mihi
1307 660 1593 731 proferatis
1631 679 1870 713 sermone
1909 660 2220 731 praecipi0.”

183 761 259 794 'rhe
274 760 416 802 Bishop.
455 746 761 815 Episcopus
785 764 935 797 vero:
967 749 1002 773 ‘⁶
1031 744 1208 815 Super
1226 746 1388 797 fidem
1413 755 1471 798 et
1485 755 1873 799 sacramentum
1899 747 2045 815 quod
2067 745 2220 798 vobis

453 831 560 883 feci
585 840 648 882 ut
674 831 908 894 domin0,
933 829 1028 881 has
1053 830 1262 883 litteras
1287 849 1386 883 nec
1419 849 1517 900 per
1553 849 1657 894 me,
1696 849 1873 899 neque
1915 849 2012 900 per
2053 829 2220 883 alium

456 915 755 985 quemlibet
778 934 863 967 me
905 915 1126 978 sciente,
1148 915 1470 968 excellentia
1503 924 1679 967 vestra
1701 915 1911 970 noverit
1949 933 2062 967 esse
2100 932 2223 984 per-

456 1000 715 1070 quisitas.2
772 999 982 1053 Verum
1016 1001 1181 1052 abbas
1222 1001 1490 1070 quendam
1516 1019 1587 1053 ex
1621 1000 1826 1052 clericis
1851 999 1962 1053 suis
1989 999 2221 1053 Romam

453 1104 628 1156 nuper
651 1085 891 1149 mittenS,
927 1104 1013 1137 me
1039 1086 1243 1138 ibidem
1268 1086 1326 1138 in
1353 1085 1501 1139 curia
1535 1086 1782 1138 Romana
1803 1085 2038 1137 multum
2061 1083 2222 1139 nimi-

453 1189 654 1240 umque
706 1170 1015 1223 diffamavit.
1105 1170 1226 1240 Ego
1276 1179 1459 1223 autem
1513 1170 1572 1222 in
1620 1170 1714 1222 illa
1770 1170 1918 1223 curia
1969 1169 2220 1222 omnibus

452 1265 615 1307 notus
645 1275 782 1320 sum,
811 1264 867 1308 et
891 1257 1046 1326 cujus
1070 1255 1365 1308 honestatis
1389 1256 1474 1308 vel
1498 1255 1816 1308 moralitatis
1846 1255 1946 1307 sim
1971 1254 2220 1309 omnibus

453 1340 655 1393 ibidem
690 1341 1151 1393 commanentibus
1180 1341 1328 1393 haud
1361 1341 1697 1409 incognitum
1740 1350 1848 1395 est,
1916 1340 2022 1392 Per
2060 1338 2218 1390 illum

454 1425 599 1476 enim
622 1425 825 1478 ibidem
861 1444 946 1477 me
982 1426 1231 1479 infamari
1267 1425 1581 1495 inpossibile
1623 1435 1721 1480 est.
1798 1424 2054 1477 Fortuitu
2091 1442 2218 1492 ergo

180 1525 256 1558 The
279 1524 386 1568 Χίης.
451 1529 549 1579 per
572 1510 727 1561 illum
748 1510 958 1562 litteras
980 1509 1099 1562 illas
1123 1510 1227 1562 sibi
1255 1509 1630 1579 perquisivit.”
1705 1509 1860 1562 Tunc
1886 1528 2015 1562 rex:
2047 1512 2082 1537 “
2104 1508 2216 1560 Mi-

450 1613 571 1645 rum
609 1604 666 1647 et
706 1595 935 1646 nimium
974 1595 1301 1664 stupendum
1336 1595 1627 1657 videretur,
1671 1594 1922 1646 abbatem
1969 1593 2222 1646 videlicet

452 1687 637 1732 contra
661 1699 716 1731 se
758 1687 814 1731 et
846 1699 996 1732 suam
1036 1679 1309 1732 ecclesiam
1335 1679 1469 1743 haec,
1497 1679 1542 1730 si
1567 1679 1645 1731 ita
1667 1697 1751 1730 res
1774 1678 1957 1743 habet,
2000 1678 2221 1749 perqui-

180 1788 255 1819 'rhe
273 1788 387 1820 chan.
450 1784 567 1817 rere
591 1764 874 1818 voluisse.’'
950 1764 1056 1817 His
1082 1764 1426 1816 cancellarius
1463 1762 1716 1834 subjecit:
1761 1768 1794 1793 “
1816 1763 1875 1816 Si
1914 1763 2021 1815 alio
2059 1764 2221 1816 modo

180 1830 294 1862 ‘cnm‘
452 1870 615 1921 quam
640 1871 672 1904 a
706 1851 875 1916 vobiS,
910 1859 975 1903 ut
998 1850 1086 1902 hic
1111 1851 1343 1903 relatum
1390 1859 1487 1915 est,
1513 1850 1608 1902 has
1646 1849 1854 1902 litteras
1894 1849 2221 1919 perquisitas

448 1937 676 2006 probare
701 1935 935 1989 voluerit
960 1935 1178 1987 dilectio
1204 1943 1396 1999 vestra,
1424 1936 1587 1988 abbas
1613 1954 1681 1987 en
1717 1952 1954 2005 praesens
1991 1944 2089 1999 est,
2126 1935 2220 1988 lit-

449 2030 589 2073 teras
612 2022 670 2073 in
690 2040 853 2073 manu
877 2030 1082 2074 tenens,
1159 2021 1434 2089 Legantur
1458 2021 1675 2084 litterae,
1695 2021 1942 2074 videatur
1962 2039 2219 2089 quorsum

447 2105 662 2159 illarum
685 2114 870 2175 vergat
892 2106 1143 2171 intentio,
1170 2106 1354 2175 sicque
1379 2106 1459 2158 rei
1483 2106 1680 2159 veritas
1705 2105 2191 2176 comprobabitur.”

520 2190 976 2262 Archiepiscopus
1032 2202 1214 2244 autem
1271 2191 1492 2244 audiens
1541 2192 1851 2261 episcopum
1892 2191 2099 2244 litteras
2150 2191 2218 2242 ab

449 2277 636 2328 eodem
675 2278 999 2347 perquisitas
1039 2295 1214 2330 coram
1260 2276 1508 2329 omnibus
1551 2278 1854 2346 denegasse,
1899 2276 2071 2328 sciens
2107 2294 2220 2328 om-

448 2361 539 2413 nia
577 2370 641 2413 ut
675 2373 842 2426 erant,
885 2371 942 2415 et
981 2363 1129 2431 quod
1169 2362 1369 2414 litterae
1414 2363 1479 2414 ab
1514 2362 1703 2414 eodem
1728 2362 1978 2432 episcopo
2001 2361 2221 2431 perqui-

451 2447 570 2498 sitae
595 2447 844 2511 fuissent,
871 2447 1024 2517 signo
1059 2447 1230 2500 crucis
1265 2464 1379 2516 prae
1415 2447 1584 2499 nimia
1627 2446 1977 2498 admiratione
2018 2464 2073 2497 se
2113 2446 2220 2516 sig-

180 2557 253 2588 The
269 2556 380 2587 chan-
450 2533 615 2584 navit.
694 2533 848 2585 Tunc
887 2533 1260 2585 cancellarius:
1304 2536 1338 2561 “
1368 2532 1496 2585 Non
1521 2531 1696 2584 solum
1736 2532 2002 2584 duntaxat
2036 2531 2101 2582 de
2136 2531 2222 2585 his

180 2599 295 2632 ceum*
452 2618 649 2669 litteris
694 2618 941 2670 dominus
978 2627 1160 2670 noster
1197 2637 1297 2670 rex
1332 2617 1613 2670 veritatem
1646 2617 1780 2670 scire
1806 2615 2105 2687 proposuit,
2132 2632 2221 2668 ve-

454 2703 738 2754 rumetiam
773 2703 818 2754 si
855 2703 984 2754 alias
1029 2703 1297 2771 quaslibet
1327 2702 1536 2755 litteras
1559 2721 1669 2765 vos,
1698 2710 1794 2754 aut
1830 2702 1995 2754 alium
2034 2695 2221 2771 quem-

454 2787 592 2838 libet
616 2806 711 2855 per
729 2806 839 2851 vos,
866 2787 924 2838 in
948 2805 1181 2856 praesens
1199 2788 1285 2839 vel
1302 2787 1359 2839 in
1373 2796 1650 2856 posterum
1664 2787 1846 2840 abbati
1872 2796 1966 2842 aut
1985 2787 2222 2840 ecclesiae

458 2873 524 2924 de
552 2871 706 2924 Bello
731 2859 944 2924 nociiras
967 2873 1225 2924 noveritis
1262 2872 1577 2942 possedisse,
1618 2881 1682 2924 ut
1718 2872 1776 2923 in
1814 2873 2053 2924 medium
2095 2892 2219 2943 pro-

457 2957 643 3009 feratis
692 2957 1004 3027 praecepit.”
1103 2957 1406 3027 Episcopus
1454 2976 1579 3009 vero
1623 2975 1800 3024 neque
1849 2956 2055 3008 litteras
2099 2958 2218 3013 illas

457 3051 767 3112 praesentes,
794 3062 891 3094 nec
917 3042 1045 3094 alias
1073 3042 1344 3112 quaslibet
1376 3042 1491 3111 ipse
1526 3041 1610 3093 vel
1652 3041 1788 3092 alius
1830 3041 2088 3110 quislibet
2125 3061 2223 3111 per

458 3128 654 3198 ipsum,
683 3129 866 3180 abbati
892 3129 976 3180 vel
1001 3128 1239 3179 ecclesiae
1268 3128 1332 3179 de
1375 3126 1531 3178 Bello
1557 3135 1686 3179 tunc
1727 3135 1822 3177 aut
1861 3126 1918 3177 in
1942 3135 2218 3196 posterum

458 3214 670 3265 nocivas
707 3214 1060 3284 jurejurando
1095 3212 1411 3275 affirmabat,
1456 3212 1772 3264 mirantibus
1822 3212 2087 3275 omnibus,
2129 3212 2220 3265 ha-

457 3298 657 3350 buisse.
1717 3291 1720 3294 ’

188 3405 264 3453 'rhe
279 3404 381 3437 Arch-
533 3382 636 3451 His
662 3382 759 3433 tali
783 3382 942 3434 modo
964 3400 1139 3433 coram
1164 3381 1379 3433 domino
1402 3400 1525 3450 rege
1549 3380 1766 3440 habitis,
1792 3380 2219 3453 archiepiscopus

188 3445 324 3488 b¹⁸¹¹⁰¹³'
463 3466 768 3519 Cantuariae
793 3467 907 3536 regi
942 3468 1114 3519 dixit:
1181 3470 1216 3494 “
1245 3467 1533 3537 Praecipiat
1558 3466 1878 3518 excellentia
1915 3477 2090 3520 vestra
2122 3488 2219 3521 nos

460 3570 621 3620 super
658 3553 741 3603 his
786 3553 917 3623 quid
962 3553 1268 3604 faciendum
1316 3552 1387 3604 sit
1442 3552 1662 3604 consilio
1704 3559 2009 3617 retractare,
2054 3562 2216 3623 atque

460 3636 644 3688 ordine
664 3636 952 3706 judiciario
978 3637 1381 3690 consuetudinis
1405 3636 1776 3689 ecclesiasticae
1812 3637 2217 3694 determinare.’'
