2398 4152
704 432 1066 474 MONASTERH
1111 433 1188 472 DE
1232 433 1433 472 BELLo.
1862 418 1927 468 49

206 554 451 622 Cumque
475 556 574 606 viri
614 557 999 608 animositatem
1039 556 1307 624 regiaeque
1348 553 1689 606 districtionis
1732 551 1928 619 recogi-

203 645 400 689 tassent
439 639 764 708 aequitatem,
810 640 1019 691 tandem
1057 639 1232 707 pavidi
1275 657 1471 690 cessere
1520 636 1729 697 tiranni,
1778 644 1831 686 et
1873 653 1926 685 se

198 719 308 770 illic
355 722 728 773 rectitudinem
776 723 947 773 facere
1006 731 1060 773 et
1116 721 1348 790 recipere
1408 721 1542 772 velle
1591 719 1920 787 profitentur.

198 801 349 854 Tunc
396 804 608 856 domino
643 805 950 857 Gausfrido¹
996 804 1214 855 manerii
1255 805 1318 855 de
1354 804 1448 854 Wi
1487 803 1919 862 annullationem,

195 887 647 957 praepositumque
680 889 1025 957 impotentem
1051 886 1388 937 villicationis
1413 887 1631 937 reddere
1666 885 1922 935 rationem

196 978 517 1037 exponente,
570 971 783 1022 tandem
825 979 946 1039 post
985 970 1217 1037 plurium
1259 969 1539 1019 verborum
1586 969 1917 1029 rotationem,

195 1069 316 1101 reus
365 1069 536 1103 coram
584 1053 848 1104 communi
890 1052 1096 1121 judicio
1143 1051 1347 1102 sistitur
1396 1050 1707 1101 Rotbertus.
1809 1049 1920 1103 Qui

193 1142 398 1185 reatum
441 1135 692 1186 confitens
744 1154 864 1186 cum
907 1134 1112 1185 veniam
1159 1134 1436 1200 flagitaret,
1485 1134 1667 1184 decem
1715 1133 1919 1199 argenti

193 1216 341 1267 libris
381 1217 666 1285 decemque
690 1217 945 1268 frumenti
988 1216 1318 1285 adjudicatus
1359 1215 1565 1277 modiiS,
1608 1212 1920 1282 cumgratia

192 1299 598 1352 misericorditer
631 1301 934 1352 absolvitur.
1014 1299 1134 1351 Hoc
1158 1308 1388 1369 peracto,
1425 1307 1480 1350 et
1505 1298 1718 1350 domino
1745 1298 1919 1349 Gaus-

191 1382 329 1434 frido
369 1383 412 1433 si
455 1384 585 1452 quid
626 1402 748 1451 erga
781 1383 953 1452 ipsum
982 1382 1327 1451 querimoniae
1351 1389 1639 1452 praesentes
1662 1381 1918 1433 haberent

190 1466 504 1529 sciscitante,
550 1485 670 1518 cum
711 1467 1031 1535 calumpniae
1090 1466 1166 1516 nil
1219 1485 1249 1517 a
1296 1484 1565 1534 quoquam
1612 1464 1914 1526 referretur,

191 1549 336 1600 curia
374 1549 545 1601 soluta
588 1559 682 1601 est.
758 1549 1061 1601 Manerium
1109 1558 1286 1601 autem
1330 1549 1466 1600 illud
1507 1556 1803 1616 caeteraque
1851 1550 1917 1600 ad

189 1632 458 1684 ecclesiam
523 1633 843 1701 pertinentia
923 1633 1155 1685 studiose
1222 1633 1561 1684 restauranda
1627 1632 1915 1684 commissae

188 1716 424 1768 ecclesiae
460 1716 668 1784 sibique
695 1717 955 1768 commisit
995 1717 1260 1779 fidelibus,
1302 1717 1522 1785 ipseque
1548 1715 1771 1766 utilitati
1810 1735 1915 1767 ser-

187 1817 370 1850 vorum
395 1799 500 1851 Dei
524 1800 727 1851 curiose
754 1801 988 1869 undique
1014 1799 1468 1867 superintendens,
1489 1799 1674 1849 domus
1699 1798 1914 1851 fabricae

188 1890 243 1933 et
291 1883 592 1946 munitioni,
659 1902 1041 1950 murorumque
1110 1883 1246 1934 circa
1307 1882 1565 1933 ambitum
1615 1882 1917 1933 fundationi

191 1965 426 2017 animum
451 1967 692 2019 contulit.
1005 2035 1009 2036 ⁷

262 2048 374 2100 Sub
414 2049 579 2101 isdem
618 2050 805 2102 diebus
829 2070 995 2102 wareo
1021 2051 1244 2118 contigit
1268 2051 1323 2102 in
1350 2051 1727 2118 Dengemareis
1752 2069 1915 2100 mem-

191 2133 288 2183 bro
312 2133 376 2183 de
404 2132 516 2195 Wi,
552 2152 735 2185 navem
761 2133 1009 2185 videlicet
1045 2134 1203 2201 regiis
1230 2134 1548 2185 ornamentis
1588 2143 1642 2185 et
1667 2134 1915 2202 operibus

189 2223 430 2267 onustam
467 2217 717 2268 fiuctibus
735 2218 986 2286 jactatam
1012 2236 1131 2268 cum
1167 2217 1276 2268 illic
1301 2217 1591 2286 appulisset
1616 2217 1917 2285 confringi.2

192 2299 368 2353 Quam
406 2319 524 2351 cum
561 2301 700 2352 infra
741 2309 1001 2352 statutum
1039 2300 1325 2352 terminum
1366 2319 1462 2368 pro
1506 2318 1650 2351 more
1675 2318 1914 2368 reparare

188 2383 513 2450 nequissent,
530 2384 663 2451 regii
687 2402 944 2434 accessere
971 2391 1259 2444 exactoreS,
1286 2401 1470 2433 navem
1494 2401 1614 2433 cum
1638 2382 1827 2451 opibus
1854 2392 1915 2433 ut

189 2466 385 2533 regiam
431 2467 709 2534 pecuniam
755 2467 806 2516 vi
857 2466 1095 2534 optinere
1145 2474 1405 2516 conantes.
1505 2465 1736 2516 Domino
1793 2485 1914 2517 vero

190 2548 479 2600 Gausfrido
506 2549 777 2600 obnitente
804 2567 923 2599 cum
947 2548 1072 2609 suiS,
1100 2549 1309 2599 tandem
1330 2566 1503 2599 coram
1517 2549 1674 2616 regiis
1699 2549 1915 2599 auribus

189 2632 286 2683 hac
325 2632 576 2683 ventilata
624 2631 971 2700 querimonia,
1035 2649 1133 2682 rex
1193 2649 1391 2681 morem
1445 2631 1636 2682 servari
1684 2631 1915 2700 patrium

191 2715 388 2778 volens,
430 2715 809 2783 ecclesiamque
853 2733 1001 2766 suam
1044 2715 1308 2765 offendere
1349 2732 1551 2777 cavens,
1585 2714 1749 2783 jussit
1787 2733 1916 2782 qua-

190 2797 334 2849 tinus
381 2816 477 2849 nec
526 2799 590 2850 de
638 2817 733 2849 sua
781 2798 997 2866 quidem
1043 2797 1269 2866 pecunia
1317 2797 1548 2866 propria,
1600 2799 1916 2866 cujusquam

187 2881 403 2932 ecclesia
444 2889 720 2950 pateretur
768 2881 1035 2950 injuriam,
1087 2882 1177 2932 sed
1226 2883 1369 2950 quod
1411 2881 1692 2950 appulsum
1739 2882 1916 2933 fuerat

186 2971 360 3015 totum
383 2964 617 3033 ecclesiae
642 2973 894 3016 maneret.
938 2964 1094 3015 Unde
1123 2965 1366 3016 dominus
1394 2965 1713 3016 Gausfridus
1740 2966 1913 3015 omnia

186 3046 366 3116 (prout
411 3049 544 3101 utile
582 3050 831 3118 decrevit)
869 3049 1166 3117 disponens,
1207 3049 1405 3116 regales
1454 3057 1626 3100 vestes
1675 3048 1909 3099 ecclesiae

184 3132 532 3184 servientibus
581 3133 869 3196 distribuit,
912 3141 967 3183 et
1009 3141 1199 3185 caetera
1246 3133 1311 3183 ad
1359 3151 1484 3183 usus
1529 3131 1765 3183 ecclesiae
1806 3133 1910 3183 dis-

184 3216 441 3281 pensavit.

258 3298 492 3350 Gloriosi
534 3299 699 3367 igitur
740 3299 875 3367 regis
918 3299 1139 3349 Henrici
1171 3299 1382 3349 virtutis
1421 3317 1478 3349 ac
1504 3298 1908 3364 magnificentiae

243 3492 252 3515 ¹
286 3489 493 3534 Dominus
514 3493 778 3546 Gausfridus,
802 3493 894 3535 MS.
1088 3491 1277 3533 allocatae
1318 3491 1360 3532 in
1402 3490 1551 3533 itinere
1588 3490 1794 3544 Cantiae‚''
1827 3491 1905 3537 διο.

240 3550 256 3574 ²
285 3547 363 3589 See
383 3548 455 3590 the
487 3551 513 3573 “
535 3550 768 3592 Libertates
792 3550 842 3592 de
866 3548 1000 3601 Bello,
1090 3549 1275 3591 Monast.
1300 3548 1359 3591 iii.
1390 3563 1431 3605 p.
1455 3550 1552 3591 249,
1599 3548 1677 3591 Ed.
1699 3551 1824 3592 1846.

1661 3637 1690 3671 E
