2398 4152
727 478 1090 520 MONASTERII
1132 478 1210 518 DE
1253 477 1457 517 BELLo.
1933 466 1961 514 5

233 608 450 652 necatur
488 600 705 653 inermis
745 621 803 652 ac
843 603 1004 670 pedes
1043 601 1232 652 misera
1270 620 1397 669 gens
1447 600 1691 668 Anglica,
1731 619 1961 669 regeque

232 702 328 734 suo
376 683 504 734 belli
552 684 778 736 fortuito
819 685 930 736 ictu
972 693 1253 753 prostrato,
1309 703 1403 753 per
1458 684 1658 736 diversa
1702 684 1962 735 dissiliens

229 767 453 818 latebras
493 769 703 837 quaerit.
780 768 1078 820 Innumeris
1103 768 1284 836 itaque
1310 768 1366 818 in
1390 786 1572 835 campo
1596 768 1679 819 vel
1702 768 1881 836 potius
1905 768 1962 818 in

227 850 355 918 fuga
391 852 682 920 prostratis,
725 853 890 903 oculis
943 860 1252 902 cunctorum
1291 869 1536 918 suprema
1568 852 1786 918 patebat
1827 851 1961 902 cala-

228 933 402 986 mitas.
479 934 757 1002 Siquidem
782 943 836 986 et
860 935 999 985 inter
1014 934 1232 984 hostiles
1255 933 1455 1002 gladios
1470 934 1767 984 miserabile
1795 935 1961 1002 quod-

229 1017 364 1080 dam,
392 1017 448 1068 in
485 1018 731 1086 proximo
771 1018 997 1086 spatiose
1041 1024 1366 1085 protentum,
1408 1035 1478 1066 ex
1501 1017 1730 1067 naturali
1755 1017 1960 1068 telluris

226 1100 378 1151 hiatu
402 1101 485 1151 vel
509 1102 685 1152 forsan
710 1120 778 1152 ex
807 1101 1156 1170 procellarum
1189 1098 1575 1161 concavatione,
1601 1099 1960 1167 praecipitium

226 1193 368 1234 vaste
402 1188 628 1252 patens,1
668 1183 794 1234 licet
818 1183 899 1234 uti
924 1183 981 1234 in
1005 1183 1250 1234 vastitate
1277 1180 1449 1232 dumis
1474 1181 1558 1231 vel
1584 1181 1794 1233 tribulis
1820 1183 1959 1235 obsi-

228 1273 358 1328 tum,
399 1266 564 1317 oculis
613 1266 788 1317 minus
837 1265 1238 1334 praevideretur,
1284 1265 1587 1316 innumeros
1630 1273 1685 1315 et
1727 1265 1957 1316 maxime

227 1349 653 1401 Normannorum
702 1348 906 1417 Anglos
949 1348 1401 1417 persequentium,
1433 1347 1742 1399 suffocavit.
1818 1348 1958 1400 Nam

225 1433 350 1483 dum
390 1433 541 1484 inscii
567 1452 687 1484 cum
712 1433 919 1501 impetu
944 1431 1231 1483 dissilirent
1255 1432 1456 1483 ibidem
1480 1432 1537 1482 in
1561 1450 1795 1501 praeceps
1834 1433 1955 1496 acti,

223 1516 474 1569 flebiliter
521 1517 734 1568 contriti
781 1517 1123 1567 necabantur.
1217 1515 1378 1570 Quod
1414 1515 1628 1583 quidem
1667 1517 1954 1580 baratrum,

224 1601 410 1651 sortito
453 1619 522 1651 ex
563 1600 820 1652 accidenti
860 1599 1133 1662 vocabulo,
1179 1598 1466 1651 Malfosse2
1515 1599 1779 1669 hodieque
1820 1618 1956 1651 nun-

222 1692 462 1752 cupatur.

297 1768 410 1818 Has
450 1768 589 1820 inter
626 1769 861 1820 miserias
899 1770 1124 1837 lugubre
1163 1770 1380 1837 patebat
1422 1768 1797 1837 spectaculum,
1836 1787 1956 1820 arva
1975 1785 2049 1816 'rhe
2069 1785 2223 1832 authors

225 1852 561 1903 cadaveribus
605 1853 816 1921 operiri,
854 1872 950 1904 nec
989 1853 1046 1904 in
1084 1853 1259 1920 girum
1297 1852 1573 1904 obtutibus
1615 1852 1760 1903 aliud
1798 1871 1956 1920 quam
1975 1826 2163 1899 ἷιθιὲειξὲἷῗῖἓ
2178 1835 2222 1857 ⁰¹¹

224 1936 493 2003 sanguinis
539 1938 785 1989 ruborem
832 1937 1023 1988 offerri.
1118 1936 1394 1987 Convalles
1436 1936 1674 2003 undique
1719 1937 1957 1988 defluens

224 2020 422 2070 cruoris
460 2021 603 2072 rivus
650 2022 879 2089 replesse
924 2021 990 2072 ad.
1027 2021 1192 2071 instar
1233 2019 1382 2070 fluvii
1426 2020 1613 2088 procul
1660 2019 1954 2072 videbatur.

226 2103 442 2157 Quanta
480 2113 636 2173 putas
667 2104 774 2156 illic
813 2113 941 2155 tunc
981 2113 1180 2172 strages
1220 2104 1359 2155 facta
1398 2112 1477 2154 est
1520 2104 1583 2154 de
1627 2104 1796 2167 victis,
1836 2123 1957 2155 cum

222 2196 277 2237 et
311 2187 375 2238 de
419 2187 707 2239 victoribus
750 2189 931 2240 decem
974 2188 1140 2239 millia
1181 2188 1238 2238 in
1279 2187 1444 2251 brevi,
1488 2195 1551 2238 ut
1596 2188 1781 2249 fertur,
1832 2208 1955 2257 sup-

221 2270 552 2338 putationem
592 2272 919 2324 excesserit?
993 2271 1041 2323 O
1084 2279 1283 2340 quanta
1323 2271 1542 2322 humani
1581 2271 1780 2322 cruoris
1818 2271 1954 2322 inibi

222 2354 386 2404 effusa
411 2362 490 2405 est
513 2356 670 2418 unda,
688 2356 783 2407 ubi
809 2356 1124 2407 infortunati
1149 2374 1257 2406 non
1277 2363 1484 2406 tantum
1507 2355 1839 2418 labebantur,
1862 2356 1954 2406 sed

220 2445 273 2487 et
296 2438 651 2491 necabantur!
695 2439 943 2493 Quantus
980 2457 1243 2505 armorum
1273 2439 1465 2505 fragor,
1494 2446 1724 2505 quantus
1748 2439 1953 2489 ictuum

221 2521 427 2584 stridor,
457 2529 686 2590 quantus
710 2523 1051 2574 morientium
1076 2522 1287 2585 clamor,
1307 2530 1538 2589 quantus
1563 2521 1728 2583 dolor,
1756 2530 1954 2590 quanta

221 2604 460 2671 suspiria,
504 2613 636 2673 quot
670 2606 917 2674 gemitus,
962 2614 1095 2674 quot
1134 2622 1396 2673 supremae
1455 2605 1768 2656 calamitatis
1823 2606 1952 2655 dirae

220 2706 371 2738 voces
396 2697 802 2756 personuerunt,
829 2689 984 2757 digne
1013 2690 1131 2757 quis
1156 2689 1467 2740 aestimabit!
1525 2688 1669 2740 Vere
1696 2690 1955 2757 stupenda

218 2771 534 2839 proponitur
577 2791 635 2823 ac
676 2773 917 2823 deflenda
956 2772 1284 2823 infelicitatis
1328 2772 1575 2822 humanae
1618 2772 1807 2823 misera
1831 2792 1953 2824 con-

219 2854 367 2905 ditio.
409 2854 475 2904 In
499 2855 689 2906 horum
715 2874 838 2923 ergo
865 2855 1307 2924 contemplatione
1334 2857 1708 2907 succumbente
1735 2857 1950 2920 calamo,

218 2939 643 3007 subjungendum
677 2941 789 3008 jam
818 2939 1045 3002 videtur,
1086 2940 1228 3007 quod
1254 2940 1464 2990 tandem
1489 2939 1641 2990 finito
1668 2940 1950 2990 certamine

219 3021 537 3073 Normannis
563 3022 760 3090 Anglia
784 3023 940 3076 cessit
965 3042 1084 3074 cum
1110 3022 1396 3090 triumpho.
1473 3022 1763 3089 Designato
1788 3023 1951 3090 igitur

216 3106 331 3157 loco
357 3125 464 3175 quo
488 3106 694 3158 hostilis
721 3107 1013 3158 temerariae
1040 3106 1324 3157 invasionis
1351 3106 1543 3156 cecidit
1567 3106 1792 3172 signum,
1836 3107 1949 3157 dux

215 3189 438 3241 ulterius
476 3208 698 3258 propere
741 3190 1100 3257 progrediens,
1142 3206 1494 3257 quaecumque
1549 3188 1691 3238 adire
1740 3189 1949 3240 valebat

215 3291 308 3324 suo
330 3274 442 3342 juri
461 3273 747 3342 mancipari
773 3273 1077 3324 festinabat.
1155 3274 1390 3324 Tandem
1417 3291 1540 3339 ergo
1566 3272 1632 3322 ad
1656 3272 1804 3339 regni
1837 3291 1946 3323 me-

215 3357 460 3425 tropolim
485 3357 792 3426 perveniens
818 3356 1170 3418 Lundoniam,
1211 3356 1536 3423 rationisque
1571 3373 1629 3406 ac
1654 3356 1798 3424 pacis
1823 3375 1945 3407 con-

274 3514 288 3539 ¹
319 3513 398 3556 See
419 3513 553 3556 Gesta
587 3513 793 3556 Gulielmi
828 3512 961 3554 Ducis
998 3512 1041 3553 in
1180 3512 1197 3537 2
1232 3511 1395 3569 NIafflJs
1434 3512 1514 3565 sed,
1546 3511 1640 3554 MS.
1705 3510 1945 3567 Muljbssed‚

216 3570 480 3612 Duchesne’s
502 3570 652 3626 Script.
684 3570 842 3612 Norm.
868 3585 911 3627 p.
930 3572 1014 3611 202
1028 3585 1039 3620 ;
1124 3569 1264 3626 Dugd.

211 3627 292 3669 and
303 3627 499 3670 William
513 3627 561 3669 of
574 3627 880 3683 Malmesbury,
890 3641 929 3683 p.
940 3629 1040 3669 416.
