2398 4152
50 1490 77 1522 ἐἴ

43 1520 74 1561 ,f
80 1527 83 1547 ἒ

32 1575 35 1577 ,
43 1557 82 1597 ..21⁸

26 1650 33 1661 ι’
52 1666 83 1694 ᾗ,

46 1698 71 1706 w

44 1774 86 1815 23

710 415 1072 456 MONASTERII
1115 416 1194 455 DE
1238 417 1439 456 BELLo.
1840 407 1939 457 119

214 533 380 601 ipsam
423 535 693 586 ecclesiam
726 537 902 588 minus
927 536 1174 588 canonice
1216 556 1329 588 eam
1363 538 1585 605 adeptus
1620 545 1683 588 ut
1700 538 1811 606 jam
1836 537 1945 588 dic-

215 625 329 666 tum
354 626 448 679 est,
477 617 782 669 Willelmus
809 620 872 670 de
901 619 1093 682 Orbec,
1133 622 1285 689 cujus
1311 639 1364 671 se
1392 630 1643 688 tanquam
1669 639 1945 689 personam

211 717 415 766 gerens,
457 700 726 768 quoslibet
764 720 833 752 ex
875 721 936 752 ea
973 702 1346 770 provenientes
1372 703 1576 754 fructus
1601 703 1928 771 percipiebat

212 779 481 833 Adversus
532 802 689 851 quem
736 785 969 836 restabat
1012 786 1293 852 agendum,
1340 795 1402 835 ut
1442 787 1505 836 de
1549 794 1741 836 caetero
1777 786 1941 836 totius
1965 803 2118 835 waliam
2133 800 2174 832 de

212 864 442 931 querelae
481 866 760 918 tolleretur
795 868 1014 919 occasio.
1093 868 1199 919 Sed
1232 869 1343 936 jam
1389 887 1567 919 eorum
1614 888 1746 936 quos
1787 878 1941 920 antea
1961 844 2139 924 ἓὲξξοιῖιῗ

209 956 533 1016 protectores
575 950 768 1001 habere
794 951 1074 1002 videbatur
1113 951 1407 1018 patrocinio
1448 952 1753 1014 destitutus,
1791 960 1940 1003 tanto
1961 926 2100 958 ehuoeh'

213 1039 325 1082 erat
367 1032 656 1083 discrimini
698 1033 934 1095 vicinior,
973 1043 1172 1100 quanto
1213 1052 1243 1084 a
1281 1033 1483 1083 ratione
1508 1034 1775 1086 remotior.
1850 1034 1943 1084 Ex

211 1114 321 1164 sola
363 1115 544 1182 itaque
587 1115 926 1166 institutione
972 1134 1068 1166 sua
1108 1135 1204 1183 per
1238 1116 1545 1183 episcopum
1570 1116 1710 1166 facta
1734 1125 1942 1184 partem

209 1215 357 1249 suam
397 1198 536 1248 tueri
578 1199 866 1261 nitebatur,
912 1199 1004 1249 sed
1042 1199 1254 1261 frustra,
1298 1198 1498 1266 quippe
1533 1217 1654 1249 cum
1680 1207 1944 1250 constaret

211 1281 453 1332 omnibus
471 1300 585 1332 eam
608 1281 782 1332 minus
809 1300 920 1332 esse
948 1282 1266 1332 canonicam.
1345 1280 1599 1332 Arctatus
1625 1300 1749 1348 ergo
1774 1282 1943 1349 pluri-

208 1383 370 1427 mum,
416 1383 632 1415 cernens
681 1383 734 1415 se
782 1365 906 1416 hinc
954 1364 1124 1432 gratia
1165 1364 1489 1433 possidendi,
1549 1364 1695 1414 illinc
1737 1364 1942 1415 ratione

208 1448 486 1498 resistendi
525 1448 859 1510 destitutum,
897 1466 994 1498 nec
1033 1447 1172 1498 ultra
1210 1447 1485 1497 inveniens
1512 1447 1811 1514 diffugium,
1840 1448 1942 1499 toti

203 1531 315 1600 juri
342 1532 486 1600 quod
509 1532 565 1582 in
590 1532 705 1600 ipsa
730 1532 947 1582 ecclesia
977 1532 1255 1582 videbatur
1284 1532 1480 1582 habere
1507 1531 1714 1598 cogitur
1747 1550 1942 1582 renun-

212 1616 358 1667 tiare.
433 1615 669 1667 Veniens
694 1615 858 1683 igitur
883 1615 939 1666 in
963 1615 1303 1684 praesentiam
1348 1615 1547 1666 domini
1586 1615 1942 1666 Norwicensis

209 1698 460 1766 episcopi,
482 1698 754 1749 ecclesiam
774 1717 894 1749 cum
914 1699 1056 1749 omni
1076 1701 1198 1768 jure
1226 1717 1320 1750 suo
1345 1698 1403 1749 in
1427 1717 1612 1749 manus
1640 1699 1753 1767 ejus
1778 1700 1942 1766 resig-

210 1780 371 1844 navit,
411 1781 591 1849 sicque
637 1800 700 1832 eo
741 1782 1016 1846 destitutO,
1057 1782 1335 1851 episcopus
1375 1781 1657 1849 praefatum
1685 1782 1943 1833 Thomam

209 1864 457 1915 clericum
502 1865 569 1916 ad
607 1866 1073 1933 praesentationem
1112 1865 1317 1916 abbatis
1364 1874 1418 1916 et
1453 1874 1740 1916 conventus
1775 1865 1943 1915 sancti

210 1947 432 1998 Martini
458 1948 521 1998 de
549 1948 703 1999 Bello
729 1949 980 2000 instituit.
1061 1949 1306 2000 Possedit
1338 1967 1453 2000 eam
1491 1950 1555 1999 de
1582 1956 1774 1999 caetero
1799 1948 1943 1998 idem

213 2030 440 2082 Thomas
489 2031 709 2083 clericus
750 2033 966 2101 pacifice
1018 2034 1115 2083 sub
1156 2051 1331 2083 annua
1378 2032 1651 2100 pensione,
1702 2031 1941 2100 undique

211 2114 511 2182 quiescente
539 2115 778 2183 qualibet
803 2116 1218 2167 adversariorum
1247 2115 1654 2183 inquietatione.

281 2197 335 2247 A
388 2197 571 2266 primis
630 2199 972 2250 dedicationis
1030 2199 1335 2249 monasterii
1385 2199 1551 2249 sancti
1602 2197 1827 2249 Martini
1876 2197 1939 2247 de
1961 2217 2141 2251 Tumshis

211 2280 364 2331 Bello
392 2282 733 2350 temporibus,
779 2301 949 2350 usque
991 2283 1058 2333 ad
1081 2282 1179 2332 viri
1205 2281 1521 2332 venerabilis
1547 2279 1801 2332 Walterii
1827 2279 1938 2329 fere
1960 2264 2130 2334 ῗὲἷῖἒῖἆῗ

208 2364 487 2415 novissima
512 2372 766 2433 tempora,
795 2384 865 2416 ex
889 2365 1120 2416 ecclesiis
1146 2365 1411 2415 dotalibus
1433 2365 1603 2414 eidem
1622 2362 1940 2413 monasterio
1956 2350 2195 2432 {ffg'Jssiissigns

208 2446 264 2497 in
307 2448 421 2515 ejus
466 2447 795 2499 dedicatione
837 2467 867 2498 a
906 2466 1026 2515 rege
1054 2447 1331 2497 Willehno
1372 2446 1604 2497 secundo
1645 2445 1938 2512 assignatis,
1962 2434 2090 2499 ἶξῖῗὲῗι
2103 2423 2191 2454 from

207 2529 363 2597 pauci
412 2538 467 2580 et
517 2530 622 2580 rari
670 2549 958 2598 provenere
1010 2530 1231 2581 fructus.
1331 2528 1396 2579 In
1447 2547 1628 2579 earum
1677 2528 1942 2595 siquidem
1963 2509 2144 2544 chmehffi

208 2613 558 2681 assignatione
599 2620 707 2664 tam
746 2614 882 2681 regis
923 2613 1161 2682 ejusdem
1195 2621 1250 2663 et
1284 2612 1670 2680 episcoporum,
1701 2628 1861 2677 quam
1888 2618 1942 2661 et

206 2696 426 2746 aliarum
446 2714 788 2763 personarum
805 2715 926 2764 quae
945 2696 1102 2746 simul
1120 2696 1439 2746 dedicationi
1456 2695 1748 2745 intererant
1764 2702 1941 2744 actum

210 2787 289 2829 est
331 2779 566 2841 consilio,
607 2787 670 2830 ut
703 2779 1082 2848 superstitibus
1123 2779 1408 2829 earundem
1443 2777 1782 2828 ecclesiarum
1822 2796 1942 2844 per-

207 2863 347 2912 sonis
388 2881 509 2930 quae
550 2871 672 2913 ante
706 2863 1012 2913 monasterii
1040 2863 1447 2924 dedicationem,
1485 2871 1539 2911 et
1565 2879 1744 2911 earum
1771 2860 1941 2910 eidem

210 2944 400 2996 factam
450 2945 857 3013 assignationem
891 2945 1153 2996 institutae
1201 2946 1536 3005 videbantur,
1589 2944 1653 2994 de
1705 2942 1943 3010 qualibet

213 3030 495 3079 earundem
520 3048 708 3080 novem
735 3029 1075 3080 ecclesiarum
1099 3029 1284 3096 pensio
1311 3029 1491 3079 decem
1519 3026 1806 3078 solidorum
1831 3045 1943 3076 mo-

210 3112 438 3162 nasterio
483 3113 546 3163 de
586 3112 739 3162 Bello
777 3112 1050 3162 annuatim
1089 3112 1396 3172 solveretur,
1439 3119 1494 3160 et
1530 3108 1767 3177 personis
1794 3109 1944 3159 dece-

209 3195 473 3257 dentibus,
500 3196 564 3246 de
592 3203 785 3245 caetero
812 3202 920 3246 tam
946 3195 1283 3246 ecclesiarum
1311 3212 1468 3261 quam
1495 3202 1549 3243 et
1574 3193 1847 3244 fructuum
1873 3210 1944 3242 ex

209 3278 284 3328 eis
310 3278 747 3345 pervenientium,
788 3278 968 3328 abbati
1010 3286 1063 3328 et
1103 3276 1370 3328 monachis
1397 3277 1459 3326 de
1489 3275 1640 3326 Bello
1668 3274 1943 3342 dispositio

207 3360 375 3411 libera
413 3360 817 3428 relinqueretur.
895 3361 1156 3412 Prudenti
1202 3360 1365 3409 etiam
1408 3367 1582 3409 actum
1632 3366 1712 3408 est
1753 3357 1945 3407 discre-

212 3443 375 3504 tione,
413 3452 475 3494 ut
509 3444 688 3494 abbati
715 3443 936 3511 singulis
962 3443 1111 3493 annis
1138 3441 1299 3492 semel
1325 3448 1501 3508 partes
1528 3440 1643 3490 illas
1668 3440 1724 3489 in
1751 3439 1946 3506 quibus

208 3525 337 3594 ipsae
377 3526 609 3578 ecclesiae
637 3528 754 3579 sitae
780 3527 1028 3577 videntur
1054 3526 1371 3576 visitationis
1412 3524 1580 3591 gratia
1620 3522 1855 3584 adeunti,
1890 3522 1946 3571 in
