2398 4152
709 423 1068 464 MoNAsTERn
1112 424 1190 462 DE
1231 422 1436 463 BELLo.
1860 411 1925 460 35

207 546 370 597 frater
412 547 694 614 Rogerius,
738 554 800 598 ut
837 564 1003 598 novus
1046 545 1253 597 valebat
1291 544 1523 607 colonUS,
1566 563 1685 594 cum
1723 562 1927 596 summo

206 629 381 681 studio
406 638 462 681 et
496 630 673 680 labore
716 648 747 680 a
784 629 1140 680 fundamentis
1180 635 1492 689 restaurans,
1537 628 1790 679 associato
1827 629 1928 680 sibi

206 714 433 780 quodam
457 712 561 763 alio
585 730 696 763 suae
721 711 955 763 ecclesiae
979 711 1234 762 monacho
1258 726 1461 777 magnae
1498 710 1792 777 sagacitatis
1817 713 1929 763 viro

208 795 450 847 Waltero
465 804 787 864 nuncupat0,
813 794 1013 846 ibidem
1054 795 1119 844 ad
1156 793 1500 844 habitandum
1540 794 1764 844 aedificia
1808 813 1931 845 con-

206 879 461 941 struebat,
503 897 656 947 prece
697 878 783 930 vel
823 895 1039 928 munere
1084 876 1363 927 nonnullas
1410 876 1623 926 interim
1672 896 1703 926 a
1748 877 1934 928 vicinis

204 970 460 1013 terrarum
484 963 568 1014 vel
591 962 909 1014 decimarum
928 958 1281 1028 possessiones
1306 958 1475 1009 eidem
1500 959 1615 1009 loco
1631 959 1931 1025 adquirens,

205 1063 263 1095 ac
311 1063 407 1113 pro
456 1063 607 1113 posse
653 1041 842 1113 utpote
890 1043 947 1093 in
986 1041 1260 1094 commisso
1297 1041 1486 1102 fidelis,
1528 1041 1629 1092 sibi
1671 1042 1931 1094 creditum

205 1127 464 1179 talentum
487 1125 924 1196 possessiunculae
948 1124 1316 1193 multipliciter
1350 1123 1738 1174 accumulatum
1777 1126 1932 1176 matri

201 1227 312 1262 suae
337 1210 569 1262 ecclesiae
593 1210 818 1279 impiger
841 1216 1108 1279 reportare
1133 1214 1387 1274 satagens,
1463 1205 1791 1257 Procedente
1810 1225 1933 1259 vero

202 1302 439 1362 tempore
480 1294 733 1345 fratribus
758 1294 824 1344 ad
842 1293 945 1344 loci
971 1289 1244 1344 commoda
1268 1289 1484 1341 omnino
1510 1289 1929 1354 intendentibus,

201 1378 434 1444 ejusdem
460 1375 755 1427 Bernhardi
777 1393 932 1438 uxor,
953 1374 1135 1442 Agnes
1159 1373 1390 1436 nomine,
1417 1372 1556 1423 forte
1582 1372 1929 1425 invalitudine

203 1468 359 1523 tacta,
383 1460 555 1511 eidem
577 1459 694 1511 Ioco
719 1478 789 1511 ex
813 1459 911 1510 viri
937 1458 1019 1510 sui
1044 1475 1257 1508 assensu
1290 1458 1353 1507 de
1379 1456 1592 1525 propria
1614 1456 1928 1521 hereditate,

201 1543 463 1610 quandam
504 1542 740 1594 villulam
782 1551 936 1593 extra
977 1540 1230 1593 Walliam
1268 1540 1324 1591 in
1356 1539 1554 1608 Anglia
1592 1540 1763 1603 sitam,
1810 1560 1930 1609 quae

203 1626 521 1677 Berintona1
563 1633 797 1687 vocatur,
824 1625 1045 1675 liberam
1089 1623 1304 1674 omnino
1347 1630 1403 1672 et
1442 1622 1678 1690 quietam
1717 1624 1773 1674 in
1810 1643 1931 1692 pos-

200 1709 483 1759 sessionem
529 1716 780 1760 aeternam
820 1706 1077 1768 contulit3
1129 1706 1310 1773 sicque
1353 1705 1610 1773 paulatim
1654 1723 1724 1756 ex
1761 1706 1928 1774 ipsius

201 1810 415 1860 quoque
433 1791 725 1843 Bernhardi
751 1789 1028 1858 largitione
1052 1789 1109 1839 in
1133 1788 1305 1850 terris,
1323 1787 1655 1851 molendinis,
1677 1790 1928 1854 ecclesiis,

200 1875 307 1927 sive
351 1875 582 1938 decimis,
627 1874 862 1944 ejusdem
912 1872 1146 1924 ecclesiae
1188 1871 1605 1940 possessionibus
1650 1873 1836 1937 auctis,
1876 1883 1931 1926 et

201 1959 385 2010 eodem
410 1960 542 2022 loco,
571 1976 690 2010 cum
715 1957 823 2009 suis
849 1957 1112 2019 omnibus,
1153 1974 1275 2006 cum
1307 1954 1469 2022 regiae
1508 1956 1838 2008 auctoritatis
1875 1968 1931 2009 et

199 2042 410 2110 praefati
436 2041 692 2093 Bernardi
718 2039 1129 2101 confirmatione,
1156 2039 1213 2089 in
1241 2040 1331 2107 jus
1359 2037 1593 2088 ecclesiae
1620 2037 1761 2090 Belli
1787 2041 1928 2091 dele-

197 2133 338 2193 gato,
364 2126 430 2176 ab
455 2126 644 2176 abbate
678 2132 734 2175 et
767 2130 1029 2175 conventu
1055 2122 1292 2191 ejusdem
1317 2121 1552 2172 ecclesiae
1589 2123 1756 2173 sancti
1780 2123 1928 2175 Mar-

198 2210 316 2273 tini,
342 2208 597 2277 praedicto
622 2207 865 2260 Waltero
890 2205 1063 2275 priore
1080 2206 1192 2274 jam
1217 2204 1524 2267 constituto,
1553 2206 1823 2256 decretum
1848 2217 1927 2258 est

196 2293 413 2356 ibidem,
441 2311 513 2344 ex
538 2291 772 2360 ejusdem
798 2289 1034 2341 ecclesiae
1054 2288 1341 2351 monachiS,
1370 2288 1476 2338 Dei
1502 2308 1676 2339 servos
1700 2290 1767 2339 ad
1793 2290 1925 2341 divi-

196 2396 326 2429 num
367 2375 680 2445 regulariter
719 2375 1076 2443 peragendum
1125 2372 1356 2423 officium
1414 2372 1670 2423 adunatos
1718 2374 1925 2441 degere,

197 2469 358 2528 atque
406 2478 502 2528 pro
550 2458 912 2525 recognitione
962 2454 1324 2525 subjectionis,
1366 2473 1462 2523 per
1500 2473 1698 2506 annum
1740 2474 1926 2508 census

195 2552 418 2612 partem,
442 2542 633 2610 viginti
656 2540 857 2592 scilicet
884 2539 1078 2591 solidos
1102 2538 1336 2590 ecclesiae
1357 2539 1421 2589 de
1437 2538 1592 2590 Bello
1609 2540 1923 2607 persolvere.

268 2626 535 2677 Caeterum
568 2633 631 2676 ut
664 2625 730 2675 ad
762 2623 1093 2692 propositum
1125 2639 1407 2684 recurram,
1434 2622 1539 2672 illis
1566 2640 1780 2690 quoque
1817 2623 1926 2674 die-

195 2712 295 2762 bus
332 2709 547 2777 quidam
589 2716 890 2777 praepotens
914 2708 1172 2758 baronum
1210 2705 1364 2772 regis,
1392 2705 1697 2757 Willelmus
1731 2725 1924 2774 cogno-

196 2801 375 2845 mento
401 2793 465 2843 de
493 2791 750 2854 Braiosa,2
785 2790 927 2859 apud
959 2788 1242 2840 Sudsexiae
1266 2789 1575 2840 comitatum
1599 2789 1655 2839 in
1693 2807 1821 2858 rapo
1859 2791 1923 2840 de

198 2877 486 2938 Brembrae,
512 2875 615 2944 ipsi
639 2874 875 2926 ecclesiae
893 2874 956 2924 de
976 2872 1148 2935 Bello,
1176 2873 1232 2923 in
1258 2873 1442 2923 eodem
1466 2872 1636 2939 burgo
1658 2872 1721 2922 de
1739 2873 1923 2923 Brem-

195 2961 304 3011 brae
331 2967 448 3010 octo
464 2977 749 3020 mansuras,
772 2966 826 3008 et
862 2966 969 3008 tres
995 2956 1122 3007 alias
1146 2956 1203 3006 in
1231 2955 1453 3007 Sorham
1477 2954 1669 3006 liberas
1698 2955 1846 3006 dedit
1871 2965 1927 3006 et

196 3043 467 3106 concessit,
487 3041 708 3110 quietas,
727 3042 790 3092 de
812 3039 1045 3092 dominio
1072 3057 1184 3102 suo,
1204 3047 1260 3090 et
1284 3057 1442 3107 super
1465 3039 1581 3089 haec
1605 3057 1764 3089 unam
1790 3057 1922 3106 quo-

198 3145 300 3195 que
323 3126 500 3177 hidam
525 3133 679 3175 terrae
705 3125 762 3174 in
783 3123 1021 3185 Sorham,
1048 3122 1101 3172 in
1122 3129 1442 3190 perpetuum
1467 3122 1664 3189 absque
1691 3121 1924 3190 calump-

195 3210 284 3260 nia
322 3209 707 3278 possidendam,
752 3207 968 3274 insuper
1017 3213 1072 3255 et
1113 3204 1386 3255 annuatim
1434 3212 1647 3255 centum
1689 3205 1923 3255 ambras³

1158 3340 1176 3366 ³
1205 3340 1244 3380 A
1285 3353 1475 3381 measure
1521 3340 1568 3381 of
1616 3340 1709 3382 four
1748 3340 1920 3383 bushels

1102 3396 1287 3452 (modii).
1335 3397 1413 3438 See
1448 3396 1519 3437 the
1549 3396 1750 3454 Glossary
1781 3404 1824 3439 to
1846 3398 1919 3440 tho

1103 3456 1129 3477 “
1151 3453 1334 3494 Ancicnt
1366 3453 1486 3495 Laws
1523 3454 1605 3495 and
1634 3454 1856 3497 Institutes
1878 3455 1924 3497 of

1104 3510 1341 3565 England‚’'
1356 3510 1579 3566 published
1593 3512 1649 3568 by
1663 3511 1733 3553 the
1755 3512 1920 3554 Record

1104 3567 1386 3610 Commission
1403 3584 1414 3620 ;
1445 3568 1527 3610 and
1549 3569 1613 3611 Sir
1636 3569 1783 3625 Henry
1802 3569 1921 3622 Ellis,

1676 3642 1751 3681 n2

258 3343 269 3368 ¹
298 3343 539 3400 Beryngton
571 3343 614 3385 in
637 3341 969 3393 Herefordshire,
993 3354 1016 3402 a

196 3414 349 3456 grange
381 3400 500 3442 rated
533 3407 575 3442 at
609 3400 666 3444 7l.
688 3403 748 3442 3s.
769 3401 839 3442 4d.
870 3398 913 3439 in
944 3397 1014 3439 the

196 3457 393 3556 Vffllofigf
410 3457 634 3570 aigesxsrgd
642 3457 882 3569 Lforty-one
926 3526 1016 3554 ma-

194 3584 289 3613 nors
310 3571 355 3613 in
374 3571 458 3613 this
479 3578 650 3627 county.
