2398 4152
511 443 542 493 6
549 444 580 491 4
1022 453 1302 493 HISTORIA
1340 448 1750 493 FUNDATIONIS

508 577 800 629 necessaria
839 594 1128 646 procurans
1171 595 1201 627 a
1243 568 1372 626 foris
1416 575 1755 643 comparavit.
1829 574 2035 627 Verum
2078 576 2261 627 subse·
2304 635 2306 637 ,

509 670 764 730 quentem
803 660 998 712 furoris
1040 669 1094 711 et
1132 659 1515 727 indignationis
1559 678 1618 710 ac
1657 659 1930 711 abolendae
1974 660 2260 712 commina—

506 745 668 796 tionis
711 752 922 796 noctem
948 764 1068 796 cum
1107 745 1267 796 abbas
1308 752 1362 795 et
1388 744 1470 795 sui
1498 743 1679 812 quiete
1705 751 1760 794 et
1784 744 2001 812 pacifice
2027 743 2259 812 peregis-

507 838 642 893 sent,
687 848 818 880 mox
854 837 1182 880 maturatum
1227 829 1334 880 diei
1381 827 1680 880 diluculum
1719 827 2096 897 impacificatos
2136 847 2259 879 cum

503 913 870 981 indignatione
906 922 1163 982 concepta
1207 914 1274 964 ad
1315 912 1530 982 propria
1573 912 1878 964 transmisit.
1958 911 2065 963 Per
2087 911 2259 978 pluri-

505 1017 653 1050 mum
694 1018 818 1067 ergo
845 998 1100 1067 temporis
1126 1016 1247 1050 cum
1283 998 1423 1049 inter
1449 997 1759 1066 episcopum
1783 1004 1838 1047 et
1862 996 2112 1048 abbatem
2134 996 2259 1047 nul-

505 1083 714 1134 latenus
740 1083 820 1134 ira
845 1083 1220 1146 deferbuisset,
1266 1102 1375 1134 non
1399 1082 1536 1133 hinc
1551 1082 1699 1133 aliud
1725 1080 2063 1132 emulationis
2086 1098 2255 1148 genus
2314 1109 2317 1111 ·

507 1186 667 1236 quam
733 1167 1185 1218 monimentorum
1254 1166 1482 1236 posteris
1545 1166 1775 1235 insignia
1846 1164 2251 1216 administravit.

504 1250 756 1320 Denique
804 1252 998 1303 rationi
1048 1252 1298 1321 episcopo
1339 1251 1554 1302 tandem
1605 1249 1956 1301 submittente
1997 1249 2251 1313 animum,

501 1335 782 1404 pristinam
806 1335 1121 1388 discordiam
1160 1336 1478 1388 multimodo
1523 1335 1741 1404 utrique
1767 1334 2070 1386 dilectionis
2097 1334 2259 1385 caris-

500 1429 641 1472 mate
667 1422 1008 1489 postmodum
1034 1420 1515 1472 accumulaverunt.

234 1530 318 1552 Μ).
336 1525 427 1554 1135.
572 1502 638 1555 In
666 1504 997 1556 Normannia
1021 1505 1188 1573 igitur
1210 1512 1503 1555 memorato
1527 1522 1650 1572 rege
1679 1503 1918 1555 Henrico
1944 1504 2252 1568 existente,¹

232 1563 475 1636 iiggrissildoes'
499 1588 711 1639 tandem
745 1607 885 1639 anno
921 1589 1070 1657 regni
1109 1588 1192 1639 sui
1231 1588 1445 1650 xxxvi0,
1496 1588 1730 1655 generali
1768 1587 2089 1656 praevalente
2128 1607 2254 1641 con-

499 1671 718 1734 ditione,
759 1672 862 1723 iiii⁰
908 1692 1074 1724 nonas
1124 1672 1437 1723 Decembris
1470 1671 1723 1723 ultimum
1764 1671 1890 1724 huic
1925 1672 2124 1724 mundo
2166 1691 2251 1724 re-

497 1756 660 1825 liquit
684 1756 816 1809 vale.
895 1757 1065 1826 Cujus
1104 1775 1314 1826 corpus,
1343 1775 1374 1807 a
1411 1756 1529 1807 loco
1570 1755 1665 1824 qui
1705 1756 1902 1808 dicitur
1938 1755 2108 1808 Liuns
2141 1776 2251 1827 quo

496 1841 720 1904 obierat,
759 1841 816 1891 in
852 1840 1105 1909 Angliam
1130 1841 1463 1904 translatum,
1504 1840 1561 1891 in
1598 1841 1919 1892 monasterio
1956 1841 2021 1892 ab
2062 1842 2249 1893 eodem

495 1926 551 1977 in
599 1928 773 1979 beatae
813 1926 919 1978 Dei
968 1927 1241 1994 genitricis
1291 1927 1483 1978 Mariae
1532 1925 1787 1978 honorem
1836 1926 2058 1978 mirifice
2103 1928 2249 1997 apud

494 2010 767 2079 Radingas
791 2011 1033 2074 fundato,
1063 2030 1185 2062 cum
1208 2030 1398 2079 magno
1422 2011 1623 2062 honore
1649 2011 1974 2062 tumulatum
2000 2021 2097 2064 est.

564 2095 774 2146 Eodem
815 2115 940 2147 vero
980 2115 1118 2147 anno
1164 2096 1258 2164 qui
1302 2096 1367 2146 ab
1404 2095 1768 2147 incarnatione
1814 2096 2035 2147 Domini
2075 2096 2245 2148 nostri

493 2180 663 2232 Jhesu
709 2179 909 2231 Christi
960 2188 1073 2230 erat
1110 2179 1191 2230 M.
1213 2198 1256 2231 c.
1285 2199 1456 2231 xxxv.
1498 2199 1607 2231 non
1646 2180 1804 2249 longe
1844 2188 1967 2249 post
2018 2189 2243 2232 mortem

493 2264 760 2333 magnifici
821 2265 960 2333 regis
1025 2264 1270 2328 Henrici,
1332 2265 1583 2316 successit
1629 2265 1686 2315 in
1746 2283 1972 2334 regnum
2028 2265 2240 2335 Angliae

494 2367 660 2418 nepos
700 2348 846 2400 illius
890 2348 1194 2418 Stephanus
1220 2367 1394 2400 comes
1436 2348 1712 2411 Boloniae3
1759 2349 2238 2424 annitentibusque

492 2433 763 2484 nonnullis
801 2433 953 2501 regni
992 2433 1335 2502 primoribus,
1385 2434 1529 2502 apud
1569 2432 2110 2486 Westmonasterium
2158 2435 2238 2489 xi.

222 2529 306 2561 Dec·
323 2532 377 2561 22·
490 2517 742 2569 kalendas
785 2518 820 2569 J
821 2518 1027 2569 anuarii
1065 2519 1130 2569 ab
1170 2518 1569 2587 archipontifice
1617 2518 1920 2570 Cantuariae
1962 2519 2240 2572 Willelmo

489 2620 634 2653 sacra
673 2603 925 2653 unctione
970 2602 1176 2667 linitus,
1222 2603 1369 2671 regio
1413 2603 1709 2654 diademate
1736 2612 2035 2655 coronatur.
2113 2604 2240 2659 Quo

485 2685 543 2736 in
567 2705 730 2754 regno
756 2687 1081 2750 confirmato,
1111 2706 1232 2738 cum
1257 2706 1366 2739 non
1386 2688 1585 2756 absque
1602 2688 1873 2757 pestiferis
1898 2688 2238 2752 tumultibus,

488 2771 631 2821 unde
671 2789 814 2822 nunc
841 2771 1095 2840 temporis
1122 2790 1531 2823 commemorare
1571 2791 1681 2823 non
1721 2780 1818 2836 est,
1859 2773 2239 2825 dissidentibus

485 2855 628 2905 inter
667 2874 721 2906 se
758 2856 1083 2924 proceribus,
1110 2857 1300 2924 patriae
1333 2857 1458 2926 jura
1483 2857 1908 2925 disponerentur,
1936 2858 2079 2910 inter
2115 2858 2243 2910 reli-

489 2958 640 3008 qUOS,
679 2940 997 3008 quibusdam
1038 2940 1240 2991 obortis
1290 2940 1671 3004 occasionibus,
1723 2943 2038 2994 venerabilis
2076 2943 2238 2994 abbas

490 3023 807 3076 Warnerius
848 3026 1049 3092 regiam
1091 3025 1416 3077 simultatem
1451 3044 1559 3077 non
1595 3025 1722 3077 satis
1747 3026 1939 3078 idonea
1962 3026 2238 3078 incurrens

220 3118 451 3167 AbbotWar-
489 3108 705 3172 offensa,
751 3110 868 3160 loco
908 3110 1094 3161 cedere
1137 3122 1298 3178 quam
1341 3109 1705 3179 indignatiori,
1745 3110 1970 3179 aliisque
2015 3111 2242 3180 quibus-

217 3170 278 3191 ner
292 3170 434 3201 reSIgnS,

218 3201 417 3274 {gg-133³}
488 3193 607 3243 dam
619 3193 821 3245 obortis
842 3194 1090 3263 querelis,
1114 3194 1454 3246 succumbere
1473 3194 1662 3246 utilius
1675 3195 1952 3265 judicavit.
1981 3195 2236 3265 Denique

216 3293 304 3322 craz
336 3286 464 3318 Lewes.
486 3295 594 3328 non
633 3278 805 3330 multo
844 3287 967 3347 post
1011 3280 1156 3348 apud
1179 3279 1720 3330 Westmonasterium
1750 3288 1872 3331 ante
1900 3279 2094 3332 Natale
2121 3280 2237 3332 Do-

486 3360 637 3424 mini,
676 3364 1010 3430 quorundam
1058 3364 1335 3427 instinctu,
1381 3371 1437 3414 et
1461 3364 1682 3415 consilio
1721 3363 1955 3415 maxime
1991 3363 2234 3416 Alberici

488 3454 684 3497 sanctae
713 3447 974 3499 Romanae
1002 3448 1238 3500 ecclesiae
1264 3447 1446 3516 legati,
1474 3448 1569 3517 qui
1610 3456 1738 3500 tunc
1778 3448 1835 3498 in
1862 3446 2063 3516 Anglia
2100 3456 2231 3511 erat,

768 3612 778 3636 ¹
813 3612 881 3654 He
903 3613 987 3656 had
1009 3615 1179 3658 crossed
1201 3630 1299 3659 over
1331 3624 1375 3659 to
1408 3618 1455 3661 N
1458 3618 1674 3675 ormandy‚
1699 3634 1786 3664 Aa).
1810 3620 1937 3662 1132.
