2398 4152
715 430 1078 471 MONASTERII
1125 433 1203 471 DE
1242 433 1448 475 BELLO.
1826 427 1922 474 101

198 546 397 596 domini
435 547 591 614 regiS,
627 567 799 600 coram
833 552 1046 603 domino
1072 562 1250 604 nostro
1275 553 1666 622 archiepiscopo
1694 554 1924 606 Cantua-

191 628 369 692 riensi,
412 647 519 681 non
566 631 715 682 vobis
752 633 977 700 pessima
1013 635 1315 703 ingerendo,
1358 637 1450 687 sed
1486 636 1687 688 ratione
1714 637 1915 705 vigenti

196 713 402 763 easdem
458 732 490 764 a
536 714 684 765 vobis
732 718 1110 784 peremptorias
1130 724 1143 750 ¹
1167 719 1428 786 judicatas
1483 720 1812 772 defendendo
1864 730 1925 772 ut

192 794 393 862 regales
418 795 570 847 nobis
594 797 934 850 audientibus
958 801 1186 852 retinere
1213 802 1478 870 cupiebat.

267 883 301 906 “
318 877 386 929 In
409 879 644 949 capitulo
669 890 841 933 vestro
870 882 1185 934 Cicestrensi
1210 886 1435 936 eundem
1460 885 1558 936 hoc
1583 903 1719 936 anno
1744 886 1925 938 absen-

193 961 337 1012 tibus
361 963 510 1014 vobis
539 965 765 1034 superbe
800 966 1038 1028 intrasse,
1081 976 1136 1018 et
1167 986 1257 1018 vos
1300 968 1482 1018 multis
1520 969 1689 1019 modis
1729 970 1924 1021 ibidem

192 1044 505 1113 dijudicasse
540 1048 824 1117 opponitis.
902 1049 1065 1102 Quod
1089 1050 1318 1100 evidenti
1343 1051 1543 1100 ratione
1570 1069 1675 1101 non
1700 1052 1923 1119 superbe

191 1136 255 1179 ut
278 1130 527 1194 asseritis,
565 1131 658 1182 sed
700 1140 912 1183 coactus
953 1141 1008 1183 et
1030 1132 1245 1200 pacifice
1281 1151 1334 1183 se
1374 1132 1472 1183 hoc
1510 1133 1675 1199 egisse
1713 1134 1924 1185 demon-

190 1220 337 1264 strat.
392 1213 520 1265 Duo
543 1233 773 1284 namque
794 1216 977 1266 decani
996 1217 1175 1278 vestri,
1196 1215 1463 1267 Lewensis
1483 1215 1684 1266 scilicet
1709 1225 1762 1266 et
1789 1216 1924 1267 Has-

190 1297 462 1364 tingensis,
488 1317 609 1350 cum
641 1317 688 1350 v.
718 1300 1073 1356 sacerdotibus
1110 1300 1165 1349 in
1206 1299 1568 1350 testimonium
1593 1299 1648 1348 in
1686 1298 1925 1352 Quadra-

186 1381 401 1449 gesimae
449 1382 605 1433 initio
654 1383 867 1435 Bellum
920 1384 1209 1447 venientes,
1263 1383 1465 1434 litteras
1523 1383 1722 1434 domini
1771 1401 1924 1452 papae

190 1463 414 1517 Adriani
437 1485 468 1517 a
493 1467 659 1529 vobis,
702 1476 765 1519 ut
797 1468 877 1519 rei
901 1470 1092 1519 veritas
1119 1476 1214 1530 est,
1242 1467 1558 1536 perquisitas
1582 1466 1761 1517 abbati
1787 1484 1922 1535 prae-

186 1549 443 1613 tulerunt,
470 1560 862 1603 summouentes
885 1570 1007 1602 eum
1033 1552 1191 1602 etiam
1215 1570 1285 1601 ex
1308 1560 1455 1619 parte
1481 1550 1647 1618 ipsius
1672 1569 1838 1617 papae,
1861 1561 1922 1602 ut

187 1633 470 1686 Dominica
520 1652 643 1704 quae
677 1636 872 1686 dicitur
909 1639 923 1662 ‘
953 1635 1163 1687 Laetare
1203 1634 1237 1685 J
1241 1633 1546 1685 erusalem’2
1610 1632 1918 1684 Cicestriam

184 1717 404 1781 veniret,
453 1719 530 1770 ibi
578 1719 863 1771 auditurus
911 1721 1147 1790 ejusdem
1195 1718 1392 1770 domini
1437 1732 1590 1786 papae
1638 1725 1918 1784 praecepta.

187 1799 333 1854 Quia
370 1821 494 1853 vero
531 1803 743 1854 domino
798 1812 980 1855 nostro
1024 1822 1145 1870 rege
1184 1803 1240 1853 in
1283 1799 1641 1852 transmarinis
1679 1800 1920 1867 partibus

184 1889 310 1933 tunc
331 1884 621 1935 constituto
641 1884 794 1936 illum
813 1904 972 1954 super
995 1884 1094 1935 hoc
1114 1884 1256 1935 adire
1273 1881 1547 1950 nequibat,
1568 1899 1688 1931 cum
1708 1881 1919 1931 domino

182 1974 362 2017 nostro
424 1966 792 2019 Cantuariensi
840 1968 1232 2037 archiepiscopo
1288 1974 1342 2017 et
1386 1963 1697 2033 quibusdam
1741 1964 1919 2015 amicis

182 2049 290 2100 suis
329 2051 546 2102 consilio
581 2052 982 2115 communicato,
1030 2051 1337 2102 Cicestriam
1377 2049 1460 2099 die
1500 2054 1697 2098 statuta
1738 2047 1913 2114 petiit,

181 2142 342 2202 atque
381 2135 439 2185 in
485 2135 798 2204 capitulum,
842 2136 1041 2186 domini
1096 2151 1248 2204 papae
1298 2134 1576 2184 auditurus
1628 2139 1912 2198 praecepta,

180 2219 534 2286 praesentibus
576 2220 682 2271 illis
719 2220 927 2271 duobus
976 2221 1185 2271 decanis
1225 2227 1279 2269 et
1320 2214 1634 2286 supradictis
1681 2213 1915 2280 quinque

180 2302 536 2354 sacerdotibus
571 2303 804 2355 intravit.
880 2303 968 2355 Ibi
1009 2304 1168 2354 etiam
1194 2302 1274 2353 illi
1309 2303 1413 2352 duo
1449 2297 1647 2357 decani,
1677 2312 1796 2363 quae
1822 2298 1912 2348 ab-

178 2385 290 2436 bati
316 2386 459 2454 apud
477 2386 691 2437 Bellum
713 2387 1077 2456 praetulerant,
1099 2395 1154 2437 et
1180 2403 1300 2454 quae
1326 2384 1429 2435 illis
1455 2382 1614 2432 abbas
1638 2379 1910 2442 retulerat,

177 2469 294 2520 viva
318 2470 587 2521 testificati
612 2479 739 2521 sunt
776 2489 920 2522 voce.
999 2470 1086 2521 Ibi
1126 2470 1300 2521 clerici
1323 2466 1484 2520 vestri
1511 2471 1690 2515 contra
1732 2471 1911 2513 aucto-

177 2553 388 2605 ritatem
412 2554 570 2622 regiae
595 2554 869 2622 dignitatis
896 2555 1139 2623 quaedam
1164 2554 1228 2605 ab
1263 2572 1325 2603 eo
1352 2549 1654 2617 exigebant.
1731 2545 1913 2596 Abbas

175 2656 317 2702 vero,
344 2646 408 2689 ut
431 2639 671 2691 inducias
696 2640 799 2690 sibi
826 2658 933 2706 quo
961 2639 1234 2690 dominum
1270 2644 1510 2687 nostrum
1547 2648 1725 2697 regem
1752 2629 1910 2691 adire,

175 2730 336 2790 atque
358 2724 472 2791 ejus
497 2741 656 2791 super
679 2723 779 2774 hoc
805 2723 1082 2774 consilium
1108 2731 1162 2772 et
1185 2721 1511 2795 voluntatem
1530 2713 1711 2766 audire
1736 2721 1912 2779 posset

174 2805 358 2857 darent
376 2807 550 2875 petiit,
575 2808 666 2857 sed
681 2806 809 2875 ipsis
833 2806 1180 2857 renuentibus
1207 2806 1413 2855 easdem
1438 2806 1700 2874 inpetrare
1726 2809 1911 2876 nequi-

174 2891 266 2941 vit.
293 2890 661 2942 Verumetiam
685 2891 901 2958 insuper
924 2889 1023 2940 hoc
1050 2908 1080 2940 a
1105 2888 1249 2939 vobis
1275 2888 1379 2938 illis
1404 2889 1710 2956 inpositum,
1734 2910 1906 2958 neque

171 2973 318 3025 aliud
340 2993 500 3042 quam
523 2975 630 3025 illis
656 2982 986 3043 praeceptum
1012 2973 1266 3022 extiterat
1294 2990 1446 3038 agere
1473 2974 1704 3039 potuisse
1730 2973 1907 3023 testati

173 3067 312 3111 sunt.
388 3059 509 3110 Hoc
533 3060 689 3110 modo
723 3060 885 3110 abbas
909 3058 1031 3108 inde
1066 3057 1330 3119 recedenS,
1359 3057 1532 3106 omnia
1558 3058 1766 3107 domino
1792 3058 1902 3124 regi

172 3150 234 3192 ut
268 3150 416 3193 erant
446 3161 541 3210 per
575 3142 826 3192 nuntium
866 3159 1021 3191 suum
1061 3140 1387 3206 significavit.
1478 3139 1740 3190 Dominus
1782 3158 1903 3189 vero

171 3235 348 3276 noster
372 3245 470 3276 rex
509 3227 657 3277 vobis
683 3225 922 3291 utrisque
959 3224 1073 3273 dico
1108 3241 1264 3289 super
1299 3222 1381 3272 his
1408 3223 1547 3272 diem
1589 3232 1902 3290 praesentem

170 3309 495 3362 constituit.”
572 3310 721 3359 Tunc
748 3326 844 3357 rex
866 3307 1016 3356 vultu
1055 3314 1258 3355 mutato
1285 3305 1589 3372 episcopum
1616 3306 1899 3373 respiciens

170 3393 327 3456 dixit,
388 3398 422 3421 “
444 3393 830 3461 Nunquidnam
874 3390 1075 3440 litteras
1114 3389 1205 3438 has
1250 3397 1310 3437 ut
1355 3388 1438 3438 hic
1484 3389 1760 3439 recitatum
1824 3399 1903 3438 est

230 3517 241 3539 ¹
278 3516 526 3558 Frivolous:
559 3515 644 3557 this
686 3528 760 3556 use
797 3512 844 3554 of
876 3511 946 3552 the
988 3508 1102 3549 word
1135 3507 1170 3548 is
1210 3506 1376 3548 derived
1418 3507 1522 3547 from
1565 3507 1635 3549 the
1657 3508 1759 3551 later
1783 3508 1905 3550 Latin

175 3573 351 3615 writers.
978 3568 992 3589 ²
1025 3565 1058 3607 Ι.
1083 3580 1118 3608 e.
1151 3564 1354 3606 Mid-lent
1376 3564 1562 3619 Sunday.

1922 3327 1993 3357 The
2012 3326 2111 3363 King.
