2398 4152
686 438 1052 479 MONASTERII
1096 439 1176 480 DE
1219 440 1423 481 BELLO.
1805 424 1908 483 173

180 559 274 610 tris
315 560 583 628 saepedicti
621 561 918 627 Godefridi‚
957 564 1096 616 nolle
1139 565 1421 616 incurrere.
1463 563 1676 616 Abbate
1725 564 1780 615 in
1819 583 1909 615 an·
1928 584 2162 657 thpmlmiled

1945 636 1964 657 ο
1980 636 2046 667 app
2061 636 2081 672 y
2111 635 2167 657 oa

178 643 354 710 gustia
401 644 592 712 posito,
650 648 911 714 persuasit
968 648 1018 699 ei
1081 648 1315 717 quidam,
1377 656 1440 699 ut
1498 667 1617 699 cum
1678 649 1908 716 quodam
1928 667 2049 714 lavqyer
2070 667 2178 698 mthe

179 726 367 778 clerico
408 727 540 796 legis
571 729 766 797 perito,
806 731 903 799 qui
929 749 1050 782 cum
1083 731 1256 799 legato
1293 732 1356 783 de
1392 731 1550 783 Italia
1582 741 1797 784 venerat
1829 732 1907 784 lo·
1928 707 2137 790 ῗὲἒῖἷὲῐώε

181 818 450 877 queretur,
485 811 666 880 sicque
691 831 813 864 cum
841 832 903 865 eo
937 822 1132 882 ageret,
1173 823 1237 866 ut
1266 831 1437 866 causae
1473 831 1584 866 suae
1624 816 1914 884 susciperet

176 893 592 959 advocationem,
644 896 769 965 quia
805 904 1063 948 terrarum
1106 897 1304 950 domini
1342 898 1480 966 regis
1525 918 1622 950 nec
1663 899 1914 967 indigena

179 994 277 1027 nec
302 977 491 1042 incola,
517 997 613 1030 nec
636 979 895 1031 beneficio
918 999 1012 1032 seu
1037 981 1220 1050 quavis
1245 981 1603 1032 familiaritate
1631 973 1913 1050 Cisalpinis

181 1060 464 1124 obnoinS,
491 1080 598 1112 non
621 1079 816 1130 regem,
835 1081 941 1113 non
967 1062 1280 1132 principem,
1307 1082 1415 1115 non
1440 1065 1912 1133 archiepiscopum,

180 1161 287 1194 non
320 1143 642 1213 episcopum,
681 1163 788 1196 non
814 1146 1109 1213 quamlibet
1134 1147 1535 1198 ecclesiasticam
1562 1148 1913 1198 secularemve

28 1262 60 1297 ,
182 1227 329 1295 regni
360 1246 636 1296 personam
672 1229 730 1279 in
773 1229 1011 1297 qualibet
1053 1231 1391 1282 advocatione
1428 1232 1726 1283 verebatur.
1803 1230 1916 1282 Ad-

182 1310 387 1379 quievit
409 1312 570 1363 abbas
593 1313 951 1381 persuadenti,
988 1313 1343 1383 clericumque
1368 1315 1682 1367 conveniens
1708 1333 1917 1365 causam

181 1412 330 1445 suam
369 1395 469 1446 sibi
509 1396 778 1464 exposuit,
825 1399 979 1467 cujus
1002 1398 1398 1450 advocationem
1425 1399 1645 1450 clericus
1679 1398 1915 1466 suscepit

121 1475 126 1478 ¹
183 1479 250 1530 ab
276 1479 466 1530 abbate
491 1498 716 1531 marcam
741 1481 945 1549 argenti
968 1490 1296 1550 recepturus.
1371 1482 1406 1533 J
1408 1501 1491 1533 am
1516 1500 1730 1533 securus
1755 1482 1915 1532 abbas

183 1580 295 1613 sese
316 1562 517 1630 recepit
539 1563 787 1632 hospitio,
813 1564 962 1615 litem
985 1564 1316 1633 ingressurus
1340 1566 1397 1617 in
1423 1565 1666 1616 crastino.
1741 1563 1915 1615 Nocte

184 1646 588 1714 superveniente
635 1664 756 1698 cum
796 1648 910 1716 jam
952 1647 1081 1699 hora
1122 1649 1319 1716 quietis
1361 1649 1597 1711 instaret,
1649 1647 1917 1699 affuerunt

184 1728 401 1798 quidam
425 1748 456 1780 a
479 1730 735 1799 praedicto
759 1730 949 1782 clerico
974 1732 1041 1782 ad
1080 1731 1326 1783 abbatem
1352 1732 1659 1794 transmissi,
1703 1731 1915 1782 manda-

183 1822 300 1865 tum
345 1812 512 1882 ipsius
555 1814 735 1865 abbati
780 1814 898 1866 viva
944 1833 1070 1866 voce
1132 1824 1478 1884 exponenteS,
1527 1815 1670 1883 quod
1718 1814 1916 1865 scilicet
1935 1829 2156 1903 ffhffyawygr

183 1914 410 1960 causam,
454 1916 614 1966 super
652 1916 759 1967 qua
794 1898 935 1949 inter
972 1917 1060 1949 eos
1102 1908 1433 1963 convenerat,
1478 1899 1656 1950 fovere
1689 1916 1798 1949 non
1821 1917 1917 1966 po·
1959 1880 2084 1904 eomes
2104 1881 2145 1903 ι’

185 1987 338 2042 terat,
380 1980 506 2048 quia
540 1981 739 2032 domini
770 1981 908 2048 regis
944 1989 998 2032 et
1031 1990 1336 2050 magnatum
1371 1990 1528 2034 terrae
1564 1981 1917 2050 indignationi

184 2064 455 2132 subjacere
499 2064 730 2116 nolebat.
806 2063 910 2116 His
936 2064 1149 2128 auditis,
1193 2065 1505 2133 nuntiisque
1532 2065 1627 2134 qui
1662 2074 1917 2116 venerant

185 2147 430 2211 dimissis,
466 2149 578 2217 jam
616 2147 760 2199 omni
798 2166 889 2217 spe
916 2148 1287 2201 consolationis
1313 2150 1529 2212 succisa,
1565 2148 1809 2200 anxiatus
1841 2162 1921 2201 est

185 2230 242 2281 in
265 2231 456 2283 abbate
480 2231 698 2300 spiritus
724 2233 855 2302 ejus,
883 2232 966 2283 sui
991 2250 1206 2301 quoque
1230 2233 1521 2302 plurimum
1546 2233 1918 2284 anxiebantur.

189 2315 265 2366 Et
299 2316 742 2384 quemadmodum
780 2315 920 2367 inter
954 2325 1164 2368 maestos
1191 2317 1326 2369 solet
1351 2317 1662 2385 frequenter
1686 2317 1919 2368 accidere

184 2399 278 2468 qui
303 2418 424 2451 cum
448 2399 827 2451 maestitudinis
858 2417 968 2451 suae
992 2401 1287 2452 remedium
1311 2419 1418 2452 non
1443 2401 1689 2463 habeant,
1717 2400 1919 2468 aliquid

183 2501 324 2551 saepe
366 2483 661 2551 loquuntur
699 2491 793 2534 aut
828 2483 1049 2547 faciunt,
1089 2503 1184 2552 per
1223 2485 1368 2552 quod
1411 2484 1763 2536 maestitudini
1808 2501 1919 2535 suae

180 2567 407 2636 amplius
447 2566 685 2618 adiciunt
722 2567 794 2618 sic
839 2586 979 2618 unus
1019 2586 1201 2618 eorum
1245 2569 1338 2636 qui
1381 2588 1501 2620 cum
1533 2568 1723 2619 abbate
1751 2576 1918 2630 erant,

183 2651 515 2720 propinquus
541 2651 590 2702 ei
616 2659 670 2702 et
695 2651 899 2702 caeteris
924 2651 1250 2715 familiarior,
1278 2653 1345 2703 ad
1369 2653 1616 2704 abbatem
1641 2670 1920 2702 conversus

183 2735 346 2787 dixit:
372 2739 406 2764 “
429 2734 488 2786 Si
506 2735 638 2786 mihi
654 2735 863 2787 domine
891 2736 1205 2804 caeterisque
1229 2736 1323 2803 qui
1344 2755 1436 2788 vos
1463 2736 1782 2803 contingunt
1800 2753 1922 2803 pro-

184 2819 416 2889 pinquis,
453 2818 714 2888 impensas
746 2819 1068 2870 sufficientes
1109 2819 1484 2882 contulissetiS,
1526 2819 1721 2887 quibus
1759 2818 1922 2869 scolas

184 2904 522 2972 frequentare
555 2921 843 2972 possemus,
880 2903 938 2954 in
961 2902 1077 2971 lege
1104 2911 1158 2954 et
1185 2903 1408 2955 decretis
1427 2903 1745 2972 jampridem
1771 2921 1922 2954 exer-

185 2987 351 3050 citati,
389 2987 537 3038 vobis
570 2987 627 3038 in
659 2986 882 3038 instanti
907 2994 962 3038 et
986 2986 1043 3037 in
1068 2986 1186 3038 aliis
1210 2986 1617 3038 necessitatibus
1650 3004 1923 3054 possemus

188 3089 297 3122 esse
335 3070 598 3140 praesidiO.
674 3071 835 3122 Nunc
876 3088 999 3121 vero
1041 3070 1096 3120 in
1140 3070 1413 3138 scripturis
1435 3070 1583 3120 bruti
1609 3078 1663 3119 et
1685 3070 1921 3130 hebeteS,

187 3173 217 3206 a
240 3155 392 3206 nobis
416 3154 545 3223 ipsis
569 3153 847 3205 consilium
871 3170 977 3203 non
1000 3153 1271 3214 habemus,
1299 3171 1395 3203 nec
1423 3153 1488 3203 ab
1515 3152 1630 3203 aliis
1662 3171 1815 3221 prece
1841 3152 1924 3202 vel

186 3238 357 3307 pretio
401 3236 652 3306 consequi
694 3235 978 3287 valemus.”
1052 3234 1141 3285 Ad
1186 3235 1301 3285 haec
1344 3235 1523 3298 abbas,
1566 3238 1600 3262 “
1627 3235 1746 3286 Jam
1788 3235 1924 3298 me‚”

186 3323 379 3390 inquit,
419 3325 455 3350 “
479 3321 590 3372 fere
631 3319 880 3389 poenitet,
922 3318 1066 3385 quod
1107 3318 1285 3370 studio
1326 3318 1506 3386 legum
1546 3317 1779 3369 animum
1817 3337 1923 3370 non

186 3401 570 3472 apposuerim.”
645 3399 908 3452 Omnibus
948 3398 1042 3466 qui
1079 3398 1299 3449 aderant
1323 3407 1439 3449 tum
1477 3417 1547 3449 ex
1581 3406 1786 3449 naturae
1830 3417 1922 3449 ne-

188 3486 444 3550 cessitate,
490 3493 606 3536 tum
650 3502 719 3534 ex
763 3491 1023 3534 nocturna
1066 3482 1452 3533 consuetudine
1503 3481 1918 3549 quiescentibus,

187 3571 346 3623 abbas
378 3587 566 3638 parum
603 3575 698 3619 aut
730 3565 863 3617 nihil
897 3583 1181 3633 repausans
1206 3574 1413 3617 noctem
1441 3574 1607 3617 totam
1633 3573 1726 3616 aut
1750 3566 1919 3616 noctis
