2398 4152
182 2215 256 2247 The
271 2213 388 2246 Abbot

177 2257 298 2298 placed
312 2255 422 2287 under

181 2309 225 2329 an
239 2297 400 2330 interdict

183 2340 229 2379 by
252 2340 311 2371 the

181 2382 325 2422 Bishop.

193 3217 276 3249 Dec.
295 3219 325 3254 7.

450 448 516 506 '70
948 460 1231 502 HISTORIA
1274 456 1686 500 FUNDATIONIS

447 588 548 639 hoc
589 587 777 638 eodem
821 586 979 637 modo
1003 585 1200 637 litteris
1237 582 1768 644 suis‚corroborasse,
1807 587 1862 632 et
1887 597 1959 630 ex
1983 586 2113 630 tunc
2138 577 2207 628 ad

448 671 698 724 notitiam
748 671 988 721 omnium
1037 669 1286 720 transisse
1329 666 1606 719 ecclesiam
1652 665 1820 716 sancti
1864 663 2093 716 Martini
2139 661 2204 712 de

449 756 605 807 Bello
644 756 710 807 ab
753 755 899 806 omni
943 754 1278 823 subjectione
1330 751 1572 822 episcopi
1608 748 1953 801 Cicestrensis
1987 747 2204 800 omnino

446 841 671 891 liberam
718 839 900 891 fuisse.
979 838 1099 890 Hac
1141 838 1308 906 igitur
1355 837 1562 889 ratione
1601 835 1738 886 tanti
1763 834 1863 886 viri
1889 831 2206 902 calumpniis

447 925 610 976 abbas
670 925 906 988 obvianS,
955 923 1234 992 flagitabat
1293 923 1511 985 obnixe,
1572 921 1826 989 quatinus
1884 918 2208 980 libertatem,

452 1027 614 1078 quam
650 1009 872 1061 ecclesia
895 1008 1153 1078 praedicta
1176 1014 1450 1059 tantorum
1481 1006 1718 1059 virorum
1742 1004 2061 1055 auctoritate
2085 1001 2209 1052 hac-

451 1102 609 1145 tenus
658 1094 941 1145 videbatur
1002 1093 1317 1163 possedisse,
1365 1090 1662 1144 inviolabili
1719 1089 2040 1156 illibatoque
2083 1087 2208 1156 Jure

453 1186 635 1230 tenere
660 1179 872 1230 licitum
894 1179 1055 1231 foret.
1132 1177 1340 1230 Praesul
1354 1195 1478 1228 vero
1504 1177 1588 1228 his
1603 1175 1822 1227 minime
1842 1172 2207 1241 adquiescens,

454 1265 662 1316 crebras
700 1264 883 1315 abbati
932 1264 1232 1315 simultates
1287 1262 1579 1331 ingerebat,
1626 1257 2022 1311 interminando
2064 1254 2212 1326 quod

453 1349 557 1400 nisi
601 1349 862 1418 synodum
894 1357 1124 1418 peteret,
1166 1348 1515 1399 interdictum
1548 1353 1672 1415 post
1696 1345 1858 1396 unius
1883 1342 2009 1394 anni
2043 1340 2212 1393 curri-

454 1434 637 1485 culum
674 1433 733 1484 in
776 1435 979 1502 synodo
1025 1433 1309 1502 sollempni
1334 1431 1652 1484 auctoritate
1698 1429 1951 1481 canonica
1990 1425 2210 1479 vinculo

452 1518 606 1568 illum
631 1517 986 1569 anathematis
1011 1518 1416 1584 constringeret.
1492 1515 1727 1567 Favebat
1752 1521 1933 1566 autem
1971 1512 2054 1564 iffi
2078 1520 2209 1563 tunc

453 1601 715 1653 Romanae
755 1602 1200 1670 pastor-ecclesiae
1226 1601 1548 1670 EugeniUS,¹
1573 1617 1780 1651 necnon
1805 1607 1861 1651 et
1892 1595 2212 1650 venerabilis

456 1685 798 1737 Teodbaldus
823 1685 1128 1737 Cantuariae
1170 1686 1618 1755 archiepiscOPUS,
1666 1691 1721 1735 et
1754 1683 1913 1735 multi
1938 1682 2048 1746 alii,
2077 1700 2212 1752 quo-

451 1789 572 1821 rum
592 1770 763 1822 fretus
803 1771 1140 1835 auctoritate,
1169 1772 1418 1823 abbatem
1444 1779 1500 1822 et
1525 1769 1802 1822 ecclesiam
1833 1768 1897 1820 de
1924 1767 2082 1820 Bello
2107 1767 2211 1819 sibi

454 1864 509 1907 et
543 1873 656 1907 suae
700 1856 935 1908 ecclesiae
974 1857 1192 1926 penitus
1231 1857 1514 1926 subjugare
1541 1855 1806 1924 sperabat.
1880 1853 2090 1907 Verum
2115 1872 2209 1923 spe

455 1941 785 2010 consilioque
830 1942 1086 2011 deceptus
1124 1941 1289 2005 inani,
1341 1960 1454 1992 rem
1498 1940 1715 1992 effectui
1757 1938 2057 2008 mancipare
2101 1957 2211 1990 non

453 2027 651 2095 potuit,
697 2026 826 2094 quia
865 2044 985 2095 spes
1029 2027 1086 2077 in
1130 2026 1295 2078 dubio
1338 2026 1515 2095 posita
1538 2025 1798 2094 plurimos
1822 2041 2211 2094 nonnunquam

455 2112 665 2164 fefellit.

530 2196 780 2250 Quodam
804 2196 972 2264 igitur
989 2197 1236 2266 praedicti
1265 2196 1528 2266 Stephani
1546 2196 1775 2266 piissimi
1798 2196 2056 2266 principis
2077 2204 2213 2248 tem-

454 2300 602 2350 pore,
643 2282 905 2351 synodum
938 2284 1081 2351 apud
1110 2282 1423 2334 Cicestriam
1459 2282 1606 2334 adire
1645 2282 1807 2334 abbas
1834 2282 2210 2346 summonitus,

453 2384 552 2416 nec
576 2366 812 2430 veniens,
855 2367 1173 2419 interdictus
1214 2376 1295 2419 est
1320 2368 1386 2419 ab
1414 2368 1683 2437 episcop0,
1711 2386 1774 2418 eo
1801 2375 1979 2419 tamen
2005 2375 2210 2431 tenore,

455 2451 601 2518 quod
625 2451 670 2502 si
695 2451 835 2503 infra
858 2453 935 2505 xl.
964 2453 1175 2504 dierum
1200 2453 1435 2523 spatium
1462 2453 1830 2504 satisfacturus
1854 2471 1964 2504 non
1987 2452 2212 2516 veniret,

453 2535 518 2586 ab
569 2536 744 2588 officio
785 2556 881 2589 suo
922 2557 1208 2608 suspensus
1253 2546 1497 2591 cessaret.
1576 2538 1742 2592 Quod
1784 2538 1947 2589 abbas
1990 2537 2213 2589 audiens

455 2620 657 2671 curiam
696 2622 841 2690 apud
880 2631 1121 2675 sanctum
1155 2622 1433 2676 Albanum
1476 2623 1610 2675 adiit
1651 2640 2009 2693 praepropere,
2051 2630 2214 2692 atque

454 2704 570 2756 haec
610 2706 774 2773 regiae
819 2707 1009 2759 intulit
1048 2709 1204 2761 aulae.
1283 2709 1411 2760 Rex
1436 2709 1639 2777 itaque,
1682 2709 1937 2761 accersito
1982 2708 2216 2777 quodam

457 2789 771 2842 clericorum
808 2810 1026 2844 suorum
1067 2791 1334 2845 Rotberto
1361 2794 1425 2844 de
1455 2792 1765 2844 Cornuvilla
1788 2793 2023 2856 nomine,
2068 2793 2217 2845 misit

457 2874 525 2925 ad
563 2874 891 2945 episcopum,
932 2878 1186 2929 mandans
1231 2885 1287 2928 et
1309 2878 1628 2946 praecipiens
1657 2879 1914 2947 quatinus
1939 2879 2217 2931 ecclesiam

459 2961 629 3011 sancti
656 2960 885 3012 Martini
913 2962 976 3012 de
994 2962 1152 3014 Bello
1174 2963 1315 3013 sicut
1340 2962 1658 3013 dominicam
1692 2963 1832 3030 regis
1857 2963 2132 3033 capellam,
2162 2972 2219 3016 et

458 3045 659 3113 regiam
685 3064 950 3109 coronam,
977 3047 1043 3097 ab
1072 3046 1215 3097 omni
1241 3047 1522 3098 exactione
1544 3055 1599 3098 et
1624 3047 1965 3116 oppressione
1993 3048 2217 3100 liberam

460 3137 515 3180 et
565 3130 803 3198 quietam
850 3130 1062 3182 Christo
1107 3130 1346 3183 Domino
1394 3131 1613 3201 pacifice
1677 3132 1876 3183 sineret
1935 3133 2215 3186 deservire.

462 3214 776 3266 Terminum
840 3215 1003 3267 etiam
1071 3216 1122 3267 ei
1174 3215 1431 3285 praefixit,
1479 3216 1732 3284 quatinus
1783 3217 1868 3267 die
1913 3226 2218 3269 octavarum

460 3299 628 3349 sancti
657 3298 909 3364 Andreae,
937 3301 1050 3370 ipse
1095 3309 1151 3352 et
1183 3301 1345 3353 abbas
1368 3300 1708 3352 Lundoniam
1732 3301 1992 3365 venirent,
2039 3312 2102 3354 ut
2139 3303 2218 3355 ibi

461 3383 775 3435 dissensioni
818 3385 1128 3436 eorumdem
1163 3405 1339 3437 coram
1378 3405 1450 3450 se,
1499 3386 1778 3456 episcopiS,
1826 3395 1880 3438 et
1927 3388 2219 3441 baronibus

461 3467 570 3518 suis
594 3470 949 3537 praesentibus
974 3471 1137 3523 finem
1162 3471 1479 3540 imponeret.
1538 3471 1643 3523 Die
1670 3471 1962 3524 constituta
1987 3482 2217 3543 uterque

1146 3621 1154 3644 ¹
1192 3620 1409 3677 Eugenius
1429 3621 1516 3664 ΙΙΙ.
