2398 4152
90 0 257 14 ''esss-stvswvva
280 0 401 19 v-quwae*
414 0 443 8 -c
453 0 522 10 ‘'vv--

198 1025 269 1058 und
280 1024 435 1064 Richard-

205 1068 249 1100 de
262 1070 368 1109 Lucy.

197 1295 272 1327 'rhe
287 1304 369 1327 con-

196 1337 331 1385 fer-enee
339 1340 404 1369 ter·

199 1382 361 1411 minate&

196 3255 270 3287 The
286 3256 393 3290 solici-

199 3297 281 3328 tude
296 3297 334 3330 of
354 3299 423 3332 Ab.

196 3338 258 3370 bot
272 3342 406 3375 Walter

197 3379 234 3411 in
256 3384 414 3425 seem-ing

198 3422 257 3469 the
274 3424 383 3465 rights
399 3427 437 3458 of

199 3463 253 3495 his
274 3467 415 3500 church.

548 0 702 10 wau-vav„
713 0 817 9 --u-r-*wp-
844 0 898 9 --Ὶν

473 468 582 518 104
988 448 1276 519 HISTORIA
1321 475 1732 518 FUNDATIONIS

468 601 522 652 in
575 618 706 670 pace
755 601 1154 670 permaneant.”
1256 600 1409 652 Tunc
1460 598 1742 670 episcopus
1787 609 1843 652 et
1890 596 2055 652 abbas
2096 598 2237 668 regis

469 692 744 755 praecepto
771 704 825 736 se
854 685 1239 749 deosculanteS,
1268 684 1669 754 archiepiscopo
1695 684 1847 754 signo
1883 684 2052 737 crucis
2077 701 2238 753 super

463 769 590 821 illos
614 769 863 833 faciente,
895 770 1042 839 pacis
1067 778 1122 821 et
1148 770 1452 834 dilectionis
1475 769 1681 820 foedere
1702 759 1706 762 ’
1716 769 1913 839 juncti,
1945 768 2233 834 concordes

470 854 647 905 effecti
688 862 830 906 sunt.
888 854 1409 924 *Archiepiscopuszp
1442 858 1476 882 “
1505 852 1704 905 Adhuc
1747 853 2004 922 quiddam
2047 860 2233 916 restat,

466 939 616 1007 quod
640 939 697 990 in
723 939 819 990 hac
845 939 1050 990 scilicet
1073 940 1219 1009 pacis
1245 947 1300 991 et
1326 938 1628 990 dilectionis
1660 934 1941 990 concordia
1962 937 2238 990 venerabi-

467 1022 533 1074 lis
575 1023 742 1074 frater
791 1023 1000 1074 abbatis
1043 1023 1311 1075 Ricardus
1353 1023 1417 1075 de
1459 1022 1597 1074 Luci
1639 1022 1890 1092 episcopo
1923 1021 2237 1092 jungatur.”

460 1108 584 1163 Qui
603 1109 745 1173 ilico,
767 1128 892 1178 rege
918 1109 1288 1178 praecipiente,
1309 1116 1499 1178 utpote
1518 1108 1599 1160 vir
1621 1107 1897 1159 modestiae
1923 1115 2087 1176 atque
2106 1103 2236 1176 pru-

469 1189 668 1244 dentiae
708 1193 917 1244 ‘virtute
966 1193 1207 1262 insignis,
1260 1194 1509 1263 episcopo
1557 1192 1703 1263 pacis
1748 1191 2008 1255 osculum,
2051 1190 2237 1243 oblitis

468 1278 834 1329 occasionibus
860 1278 1125 1343 omnibUS,
1152 1276 1475 1348 praelibavit.
1552 1277 1657 1329 His
1682 1278 1867 1346 itaque
1899 1276 2003 1329 rite
2027 1276 2236 1346 perfec-

467 1361 555 1426 tis,
583 1362 831 1413 omnibus
859 1363 923 1414 de
963 1363 1109 1431 pacis
1135 1363 1420 1414 dilectione
1445 1364 1588 1414 inter
1626 1362 1747 1414 illos
1782 1362 1883 1414 hoc
1913 1362 2072 1414 modo
2109 1380 2234 1413 con-

467 1446 677 1498 firmata
701 1447 1177 1515 congaudentibus,
1203 1467 1304 1499 rex
1341 1449 1407 1499 ad
1433 1447 1536 1498 alia
1560 1447 1780 1516 negotia
1813 1466 1909 1498 sua
1942 1447 2067 1498 inde
2091 1461 2238 1498 rece-

469 1531 599 1582 dens
639 1531 875 1582 tetendit
918 1532 1258 1601 perficienda.
1354 1531 1542 1582 Abbas
1584 1550 1708 1583 vero
1739 1531 1806 1582 ad
1847 1531 2066 1601 propria
2110 1549 2234 1600 rege

468 1616 790 1668 concedente
834 1634 1077 1668 reversus
1117 1624 1215 1680 est,
1245 1615 1542 1667 Dominum
1581 1615 1804 1667 Jhesum
1849 1615 2142 1679 Christum,
2181 1623 2237 1668 et

465 1700 826 1752 beatissimam
858 1700 1090 1753 Mariam
1114 1709 1340 1753 matrem
1375 1701 1632 1771 ejusdem,
1672 1719 1881 1752 necnon
1920 1714 1976 1752 et
2012 1700 2235 1752 beatum

471 1784 671 1837 Christi
698 1785 1056 1850 confessorem
1087 1786 1409 1848 Martinum,
1439 1786 1535 1854 qui
1573 1804 1851 1855 nunquam
1886 1785 2084 1838 deserit
2117 1803 2237 1854 spe*-

466 1878 646 1921 'rantes
669 1871 727 1922 in
752 1889 825 1934 se,
844 1890 966 1923 cum
989 1872 1099 1924 suis
1124 1871 1446 1936 collaudanS,
1471 1879 1527 1923 et
1553 1871 1749 1940 gaudio
1773 1889 1966 1940 magno
1990 1889 2088 1941 pro
2112 1879 2238 1922 voto

468 1973 566 2007 suo
593 1955 845 2007 exultans
871 1957 1085 2027 adepto.

542 2040 664 2092 Hoc
689 2041 857 2110 igitur
881 2042 988 2093 fine
1015 2051 1070 2093 et
1104 2043 1334 2094 termino
1378 2036 1546 2094 finali*
1567 2060 1650 2093 res
1693 2041 1798 2093 ista
1840 2041 1936 2093 diu
1977 2041 2035 2093 in
2069 2040 2237 2093 dubio

465 2125 659 2195 posita,
687 2125 744 2177 in
776 2124 1065 2196 praesentia
1091 2127 1293 2178 domini
1336 2127 1504 2178 nostri
1541 2126 1681 2195 regis
1724 2125 1951 2178 Henrici
1995 2126 2234 2190 secundi,

464 2218 731 2279 praesente
801 2210 962 2261 etiam
1022 2211 1334 2262 Theobaldo
1389 2210 1773 2262 Cantuariensi.
1819 2210 2234 2281 archiepiscopo,

466 2295 682 2364 Rogero
734 2295 1061 2348 Eboracensi
1111 2296 1527 2366 archiepiscopo,
1578 2296 1814 2348 Ricardo
1865 2296 2237 2348 Lundoniensi

464 2381 733 2451 episcopo,
764 2379 1031 2432 Rotberto
1058 2380 1425 2432 Lincolniensi
1450 2381 1718 2450 episcop0,
1747 2380 2016 2433 Rotberto
2043 2381 2234 2433 Exon-

463 2468 600 2519 iensi
649 2468 920 2538 episcopo,
969 2467 1227 2518 Silvestro
1272 2468 1466 2519 abbate
1524 2467 1692 2518 sancti
1743 2466 2043 2536 Augustini
2096 2466 2233 2519 Can-

463 2553 673 2617 tuariae,
728 2553 1022 2605 Gausfrido
1073 2553 1267 2604 abbate
1311 2552 1615 2616 Holmensi,
1671 2552 1879 2604 Thoma
1922 2552 2235 2604 cancellario

461 2639 620 2707 regiS,
649 2639 919 2690 Rotberto
941 2638 1133 2689 comite
1161 2637 1538 2706 Legacestriae,
1568 2637 1803 2701 Patricio
1830 2637 2024 2689 comite
2054 2636 2235 2688 Sares-

462 2724 648 2786 beriae,
706 2722 944 2774 Henrico
996 2723 1060 2773 de
1109 2722 1355 2786 Essexia,
1405 2722 1546 2791 regis
1595 2722 1835 2786 tribuno,
1890 2722 2123 2774 Ricardo
2168 2722 2234 2773 de

465 2807 620 2871 Luci,
650 2807 953 2876 Raginaldo
981 2807 1045 2858 de
1071 2805 1364 2870 Warenna,
1395 2807 1642 2858 Guarino
1668 2807 1780 2858 filio
1810 2806 2056 2871 Geroldi,
2096 2823 2236 2876 praea

465 2901 615 2944 sente
645 2911 862 2961 quoque
889 2892 1006 2960 ipso
1035 2890 1355 2942 Cicestrensi
1382 2891 1630 2960 episcopo
1676 2891 1907 2954 Hilario,
1950 2900 2005 2942 et
2044 2893 2234 2944 eodem

465 2978 658 3029 abbate
698 2976 1088 3046 praenominato
1121 2975 1386 3038 Waltero,
1415 2985 1471 3027 et
1510 2976 1627 3027 aliis
1671 2985 1781 3027 tam
1822 2976 2027 3027 clericis
2073 2996 2234 3046 quam

464 3062 613 3114 laicis
637 3061 842 3124 multis,
867 3080 900 3113 v
924 3060 1180 3113 kalendas
1204 3060 1239 3111 J
1241 3061 1358 3112 unii
1391 3061 1537 3131 apud
1579 3060 1959 3112 Colecestriam
1984 3062 2235 3114 determi-

465 3157 593 3200 nata
618 3156 716 3201 est.

541 3232 633 3284 Ad
659 3231 1066 3302 exprimendam
1090 3231 1192 3282 viri
1216 3231 1534 3282 venerabilis
1561 3231 1769 3282 abbatis
1794 3230 2043 3294 Walteri,
2073 3250 2235 3301 quam

467 3332 565 3387 pro
593 3318 887 3369 commissae
914 3316 1018 3367 sibi
1054 3316 1294 3367 ecclesiae
1335 3316 1584 3368 libertate
1625 3317 1827 3367 tuenda
1870 3316 2116 3368 exercuit
2152 3317 2236 3367 in-

469 3411 697 3454 stantem
748 3401 1184 3464 sollicitudinem,
1237 3401 1469 3453 sufficiat
1516 3402 1776 3453 hactenus
1841 3401 1943 3452 ista
2011 3402 2240 3455 dixisse..

470 3487 536 3539 In
564 3488 762 3556 quibus
789 3495 923 3556 quot
949 3487 1184 3555 corporis
1219 3487 1552 3550 vexationes,
1582 3495 1716 3556 quot
1741 3485 1904 3537 animi
1931 3486 2243 3538 anxietates,

467 3577 782 3645 priusquam
820 3576 921 3627 hoc
951 3575 1057 3627 fine
1099 3575 1564 3639 concluderentur,
1594 3583 1729 3643 quot
1765 3575 1926 3626 etiam
1971 3593 2234 3643 expensa-

466 3679 586 3712 rum
614 3660 891 3729 dispendia
924 3661 1258 3724 sustinuerit,
1287 3679 1444 3713 nemo
1471 3669 1552 3712 est
1591 3660 1686 3729 qui
1729 3659 1884 3711 facile
1923 3661 2094 3729 possit
2135 3678 2231 3711 ex·-
