2398 4152
708 451 1072 491 MONASTERII
1115 452 1194 491 DE
1231 452 1433 493 BELLo.
1838 443 1940 494 123

221 570 549 638 Withgarus.
614 571 658 622 F
660 571 882 624 irmatur
920 580 1028 623 tam
1062 590 1094 623 a
1122 582 1272 641 patre
1301 592 1459 641 quam
1485 583 1540 625 et
1572 575 1701 638 filio,
1742 576 1868 628 fidei
1893 586 1948 628 et

216 654 527 704 sacramenti
551 654 974 723 interpositione,
1012 657 1075 707 de
1102 656 1348 707 solvenda
1371 658 1623 725 pensione
1649 659 1724 710 xl.
1754 661 1949 711 solido-

214 754 333 787 rum
356 746 756 805 praememorata
778 739 1074 802 conventio,
1100 741 1456 807 praesentibus
1480 741 1589 792 illic
1610 761 1731 793 cum
1756 744 1947 795 abbate

215 821 482 871 monachis
509 821 633 884 suis,
659 821 921 872 militibus
947 822 1123 884 etiam,
1146 822 1348 873 clericis
1374 832 1429 874 et
1454 824 1599 875 laicis
1621 826 1949 893 quampluri-

213 903 315 953 bus
359 904 717 956 audientibus.
797 905 1066 955 Statuitur
1102 906 1442 973 postmodum
1485 908 1550 957 ab
1594 908 1786 958 abbate
1835 909 1948 959 dies

214 985 365 1048 aliuS,
395 1005 501 1054 quo
526 988 724 1055 pariter
766 988 1081 1056 Withgarus
1107 995 1163 1038 et
1186 988 1329 1038 filius
1354 989 1469 1057 ejus
1487 989 1778 1041 Nicholaus
1804 993 1945 1059 apud

216 1067 428 1120 BeHum
469 1070 800 1132 conveniant,
844 1079 1132 1121 conventus
1167 1089 1479 1121 consensum
1509 1090 1630 1122 cum
1656 1081 1798 1124 carta
1824 1093 1947 1125 con-

213 1151 524 1203 firmationis
566 1154 881 1222 suscepturi.
945 1153 1151 1204 Assunt
1174 1154 1374 1221 pariter
1417 1156 1558 1222 apud
1603 1156 1818 1206 Bellum
1860 1158 1945 1208 die

223 1235 485 1299 condicto,
527 1235 730 1287 scilicet
772 1236 828 1286 in
873 1236 1252 1288 Purificatione
1291 1238 1464 1288 beatae
1504 1238 1713 1304 Mariae,
1756 1240 1851 1290 ubi
1890 1240 1947 1297 in

213 1319 420 1370 abbatis
445 1327 500 1370 et
524 1319 690 1371 totius
715 1329 1006 1372 conventus
1031 1321 1316 1389 praesentia
1339 1322 1628 1390 praedictus
1654 1322 1948 1374 Nicholaus

212 1402 372 1453 fidem
411 1410 466 1454 et
503 1411 888 1454 sacramentum
922 1404 1112 1455 iterato
1151 1404 1405 1472 praestitit
1443 1406 1506 1456 de
1534 1405 1630 1457 xla.
1660 1406 1947 1456 solidorum

214 1486 488 1537 annuatim
514 1487 762 1538 solvenda
784 1487 1057 1556 pensione,
1086 1496 1140 1538 et
1165 1488 1290 1538 fidei
1315 1507 1423 1539 non
1448 1489 1589 1539 fictae
1617 1489 1754 1539 circa
1787 1490 1948 1540 abba-

215 1577 323 1620 tem
348 1576 403 1620 et
426 1571 805 1621 monasterium
831 1572 997 1622 sancti
1030 1571 1254 1621 Martini
1282 1572 1346 1622 de
1374 1572 1528 1623 Bello
1556 1571 1701 1623 fideli
1742 1591 1949 1623 conser-

214 1653 440 1705 vatione.
516 1653 605 1705 Fit
643 1654 710 1704 ad
743 1653 845 1704 ista
881 1662 1169 1705 conventus
1205 1655 1496 1705 communis
1535 1673 1791 1718 assensus,
1828 1657 1950 1707 data

215 1736 317 1788 sibi
343 1745 489 1788 carta
515 1738 945 1789 confirmationis.

286 1820 423 1871 Cum
488 1821 654 1888 igitur
717 1840 813 1889 per
878 1821 1212 1889 aliquantum
1281 1829 1490 1890 tempus
1547 1823 1946 1890 praenominatae
1967 1834 2012 1875 by
2027 1832 2192 1874 claimins

217 1903 484 1971 pensionis
528 1904 730 1955 scilicet
772 1904 848 1956 xl.
891 1905 1178 1955 solidorum
1218 1905 1357 1955 facta
1394 1914 1530 1955 esset
1563 1905 1769 1972 integra
1807 1907 1947 1957 solu-
1968 1877 2216 1948 {ffirihesand

214 1987 308 2050 tio,
347 1987 634 2055 praedictus
661 1986 868 2038 Alanus
904 1989 967 2038 de
1006 1987 1281 2054 Bellafago
1308 1987 1650 2054 Withgarum
1691 1996 1744 2038 et
1776 1989 1946 2039 filium
1967 1959 2145 2071 ἓξὲξ

216 2067 331 2134 ejus
382 2065 702 2117 Nicholaum
750 2067 937 2117 callide
993 2066 1407 2118 circumveniens
1467 2068 1680 2118 tandem
1734 2086 1948 2136 persua-
1970 2050 2218 2122 cssmpacsswith

215 2149 300 2211 sit,
347 2158 409 2200 ut
450 2149 576 2199 fidei
619 2150 1035 2217 sacramentique
1084 2150 1339 2218 religione
1383 2151 1695 2218 postposita,
1747 2170 1777 2202 a
1812 2153 1950 2219 jam-
1969 2123 2028 2154 the
2042 2122 2167 2153 Abb⁰‘'

216 2233 374 2283 dictae
417 2232 687 2301 pensionis
736 2232 833 2284 xla.
882 2233 1172 2284 solidorum
1217 2233 1481 2284 solutione
1524 2242 1801 2286 cessarent.
1846 2234 1951 2286 Ec-

218 2316 428 2366 clesiam
467 2316 730 2383 siquidem
764 2316 828 2366 de
872 2315 1242 2367 Mendlesham
1268 2316 1350 2366 sui
1383 2317 1521 2385 juris
1562 2336 1674 2368 esse
1700 2336 1950 2380 asserens,

213 2398 415 2449 irritam
435 2417 545 2449 esse
566 2399 880 2450 causabatur
896 2407 1050 2450 extra
1069 2418 1191 2450 eum
1206 2399 1397 2450 factam
1413 2399 1682 2468 pensionis
1703 2419 1952 2468 augmen-

216 2481 488 2532 tationem.
566 2481 655 2534 Ad
692 2482 855 2550 hujus
890 2482 1190 2533 assertionis
1225 2500 1334 2532 suae
1369 2482 1740 2545 munitionem,
1783 2492 1950 2534 cartas

217 2565 467 2632 quasdam
512 2564 780 2615 Warnerii
815 2565 1021 2615 abbatis
1054 2565 1267 2616 nomine
1301 2573 1639 2634 praenotataS,
1670 2584 1792 2634 quae
1833 2567 1950 2633 qui-

214 2647 335 2697 dem
360 2647 684 2715 surreptitiae
712 2654 766 2696 et
790 2647 1035 2698 falsitatis
1059 2655 1239 2698 notam
1276 2648 1470 2699 habere
1498 2648 1780 2715 diligenter
1804 2649 1950 2699 intu-

216 2731 429 2781 entibus
454 2730 773 2781 videbantur
810 2732 1158 2799 proponebat,
1189 2750 1413 2798 quarum
1439 2733 1755 2782 auctoritate
1783 2732 1950 2783 eccle-

217 2814 345 2864 siam
371 2815 434 2864 de
452 2813 838 2876 Mendlesham,
862 2814 1132 2865 ecclesiam
1159 2814 1222 2864 de
1251 2814 1559 2877 Brantham,
1588 2815 1678 2865 sed
1705 2822 1760 2864 et
1785 2815 1950 2865 eccle-

212 2898 341 2947 siam
358 2897 420 2946 de
434 2896 712 2958 Branford,
733 2914 854 2964 quae
875 2905 929 2947 et
947 2896 1062 2965 ipsa
1081 2915 1187 2947 una
1203 2906 1284 2947 est
1304 2916 1373 2948 ex
1391 2897 1675 2959 dotalibus,
1697 2906 1948 2965 tanquam

215 2999 285 3030 ex
327 2979 532 3030 abbatis
558 2979 827 3030 Warnerii
873 2980 1175 3042 donatione,
1219 2981 1301 3030 sui
1339 2981 1478 3049 juris
1523 2999 1632 3030 esse
1672 2999 1829 3030 ausus
1869 2990 1950 3031 est

215 3070 513 3114 constanter
538 3063 813 3114 affirmare.
893 3063 1061 3131 Cujus
1099 3064 1429 3131 persuasioni
1474 3064 1635 3113 fidem
1661 3082 1950 3114 accommo-

214 3147 398 3196 dantes
420 3145 735 3212 Withgarus
762 3154 816 3196 et
841 3146 984 3196 filius
1011 3148 1125 3214 ejus
1152 3146 1444 3196 Nicholaus
1471 3154 1867 3208 consenserunt,
1896 3155 1950 3197 et

215 3248 245 3279 a
270 3229 532 3280 solutione
554 3228 823 3296 pensionis
849 3229 945 3279 xla.
975 3229 1264 3279 solidorum
1290 3237 1567 3290 cessantes,
1597 3247 1650 3278 se
1675 3229 1950 3279 ecclesiam

216 3313 279 3362 de
307 3312 678 3363 Mendlesham
721 3330 826 3361 non
872 3312 1084 3362 nomine
1110 3312 1416 3362 monasterii
1442 3312 1609 3362 sancti
1636 3312 1862 3362 Martini
1885 3312 1949 3362 de

215 3394 381 3457 Bello,
400 3395 492 3445 sed
509 3393 720 3446 nomine
750 3395 911 3444 Alani
951 3395 1014 3445 de
1056 3394 1328 3461 Bellafago
1370 3402 1550 3444 tenere
1577 3403 1928 3447 asseruerunt.
2112 3455 2118 3462 ‚

285 3478 498 3530 Quibus
524 3478 748 3545 cognitis
767 3478 927 3527 abbas
945 3477 1137 3529 iterato
1162 3477 1486 3545 provinciam
1510 3478 1708 3539 adiens,
1730 3478 1947 3546 utrique
1969 3456 2158 3537 {lhgixgiiaiznt'

215 3559 361 3610 dedit
385 3560 440 3610 in
464 3561 741 3623 mandatiS,
770 3567 832 3611 ut
857 3578 1034 3611 secum
1066 3560 1300 3611 habituri
1326 3560 1651 3627 colloquium
1679 3560 1780 3612 sibi
1806 3562 1947 3630 apud
1967 3539 2115 3612 Ξῖιὶιξῗῑᾳὲ.
