2398 4152
656 440 1019 483 MONAs'ran
1055 442 1135 483 nn
1178 442 1384 485 BELLo.
1805 433 1872 485 89

153 565 306 635 cujus
325 563 792 632 consanguinitatis
811 565 1208 635 propinquitate
1227 568 1349 634 jure
1363 564 1684 617 hereditario
1709 583 1799 617 vos
1825 565 1878 617 in

156 649 392 719 ejusdem
415 646 563 715 regni
579 646 711 698 solio
737 648 904 699 omnis
927 649 1077 716 regni
1101 649 1329 717 populus
1354 667 1492 700 nunc
1516 667 1732 717 regnare
1758 667 1880 701 con-

155 732 370 802 gaudet,
410 747 614 798 nosque
641 730 878 798 ejusdem
918 731 1094 782 collati
1129 731 1372 783 beneficii
1406 732 1561 795 donc,
1589 741 1643 783 ct
1682 751 1751 783 ex
1789 751 1881 801 pa-

157 823 369 868 rentum
396 821 695 865 nostrorum
721 812 1065 876 successione,
1101 813 1487 881 possessionum
1513 823 1567 866 et
1586 815 1883 866 divitiarum

162 898 365 967 copiam
388 895 733 967 possidemus·
809 895 1074 949 Quocirca
1099 897 1326 958 domine,
1346 915 1530 964 regum
1556 897 1887 949 excellentis-

161 983 307 1045 sime,
342 980 511 1033 omnis
547 979 662 1031 haec
697 977 1125 1030 Normannorum
1149 979 1409 1031 nobilium
1451 980 1586 1030 votis
1627 981 1889 1049 supplicat

160 1064 362 1120 intimis
388 1061 719 1124 coadunatiO,
757 1061 1008 1130 quatinus
1040 1061 1216 1112 locum
1249 1061 1400 1113 illum
1423 1071 1487 1114 ut
1509 1064 1667 1114 vestri
1693 1071 1748 1114 et
1772 1082 1890 1114 nos-

162 1149 232 1201 tri
289 1149 498 1217 signum
543 1146 801 1215 triumphi
857 1145 915 1196 in
967 1144 1182 1214 propria
1239 1145 1495 1213 dignitate
1546 1154 1601 1197 et
1647 1146 1890 1197 libertate

164 1240 346 1285 contra
370 1249 551 1284 omnes
585 1229 688 1282 sibi
725 1229 1077 1291 adversanteS,
1114 1236 1169 1279 et
1194 1240 1354 1297 quam
1388 1229 1617 1279 maxime
1644 1230 1891 1280 adversus

166 1315 464 1384 Anglorum
505 1311 758 1377 insidiaS,¹
799 1320 970 1365 vestra
1009 1312 1199 1380 regalis
1241 1320 1486 1380 protegat
1529 1312 1794 1376 severitaS,
1833 1322 1895 1364 ut

166 1399 345 1452 nullus
371 1399 543 1451 eidem
565 1397 790 1450 nocendi
818 1404 1000 1467 pateat
1036 1396 1302 1447 introitus
1409 1392 1412 1397 ’

242 1488 278 1512 “
292 1483 351 1535 Si
371 1482 588 1552 quidem
610 1490 799 1534 vestrae
818 1481 1074 1551 placitum
1090 1479 1191 1531 hoc
1210 1498 1313 1530 non
1340 1479 1504 1531 fuerit
1519 1479 1794 1542 voluntati,
1808 1499 1829 1549 J
1837 1500 1897 1531 u-

169 1568 295 1620 beat
320 1567 539 1618 fratrem
562 1584 758 1629 meum,
784 1565 889 1617 loci
913 1564 1056 1615 illius
1093 1564 1353 1627 abbatem,
1383 1564 1489 1615 illis
1514 1583 1725 1632 parcere
1752 1563 1896 1626 locis,

169 1659 331 1719 atque
347 1650 501 1702 amici
526 1649 743 1702 alterius
767 1649 940 1700 futuri
959 1648 1141 1700 cedere
1166 1648 1298 1700 loco.
1376 1647 1553 1699 Satius
1568 1648 1707 1698 enim
1732 1656 1812 1697 est
1836 1647 1899 1697 il-

171 1734 301 1798 lum,
328 1734 521 1786 amisso
546 1733 822 1802 pastoralis
848 1751 988 1784 curae
1013 1731 1203 1795 officio,
1221 1732 1484 1801 privatum
1510 1730 1819 1781 monachum
1846 1738 1901 1781 et

172 1836 460 1888 pauperem
484 1817 647 1869 vitam
679 1818 846 1869 libere
872 1816 1257 1878 transcurrisse,
1287 1834 1445 1883 quam
1471 1814 1607 1865 celsa
1632 1814 1749 1864 sede
1776 1813 1902 1863 resi-

176 1901 405 1964 dentem,
444 1909 500 1953 et
539 1901 868 1969 quorundam
899 1899 1185 1952 calliditate
1209 1901 1340 1968 jugo
1366 1898 1604 1949 indebito
1639 1897 1905 1948 servitutis

178 2003 504 2054 oppressum,
534 1985 808 2037 libertates
843 1992 898 2036 et
922 1983 1206 2052 dignitates
1229 1982 1501 2051 praedictae
1529 1981 1763 2032 ecclesiae
1786 1980 1906 2030 hac-

179 2077 335 2120 tenus
373 2087 404 2120 a
441 2068 918 2138 praedecessoribus
954 2067 1064 2119 suis
1112 2067 1424 2118 intemerate
1464 2066 1906 2135 praedecessorum

178 2161 470 2205 vestrorum
503 2153 817 2205 auctoritate
854 2160 1200 2215 conservataS,
1236 2159 1299 2201 ut
1335 2150 1470 2218 signi
1508 2148 1670 2216 regiae
1702 2163 1907 2198 coronae

179 2246 368 2290 vestrae
389 2247 444 2291 et
472 2237 841 2307 adquisitionis
867 2253 995 2299 suae,
1025 2235 1194 2287 omnis
1211 2233 1636 2285 Normannorum
1661 2230 1909 2281 nobilitas

182 2323 425 2393 ejusdem
451 2322 780 2391 temporibus
804 2321 987 2389 lugeat
1002 2339 1056 2372 se
1077 2316 1360 2370 amisisse.”
1434 2316 1537 2367 His
1557 2315 1728 2377 dictis,
1751 2333 1813 2364 eo
1830 2331 1908 2363 re-

183 2407 389 2458 sidente
413 2406 576 2457 abbas
602 2405 854 2468 surrexit,
882 2413 1042 2472 atque
1066 2402 1148 2454 his
1172 2401 1345 2452 verbis
1370 2400 1578 2451 locutus
1605 2407 1711 2450 est:
1743 2402 1777 2425 “
1799 2397 1908 2448 Do-
1928 2401 2000 2434 The
2015 2399 2137 2431 Abb02-

183 2490 325 2542 mine
350 2490 441 2553 mi,
469 2490 606 2542 sicut
631 2489 892 2541 Ricardus
913 2489 1076 2539 frater
1100 2504 1250 2536 meus
1266 2484 1352 2535 hic
1377 2482 1581 2552 patenti
1605 2482 1806 2533 ratione
1832 2499 1912 2531 os-

185 2575 373 2637 tendit,
388 2574 492 2625 huc
503 2575 658 2643 jussu
671 2582 844 2625 vestro
861 2571 1065 2624 adveni.
1107 2570 1165 2621 Si
1184 2569 1302 2637 quis
1321 2568 1602 2636 quicquam
1623 2574 1802 2616 contra
1819 2583 1914 2615 nos

185 2658 269 2710 vel
293 2666 474 2710 contra
499 2658 782 2726 dignitates
809 2666 863 2708 et
887 2657 1162 2708 libertates
1190 2652 1426 2704 ecclesiae
1466 2652 1529 2702 de
1558 2650 1711 2700 Bello
1752 2666 1914 2716 oppo-

186 2761 309 2793 nere
333 2742 577 2806 voluerit,
603 2750 778 2794 vestro
804 2740 1023 2793 consilio
1049 2740 1201 2807 cujus
1227 2736 1442 2788 ecclesia
1468 2734 1720 2804 praedicta
1753 2731 1916 2782 domi-

187 2827 306 2878 nica
329 2826 531 2896 capella
555 2834 652 2890 est,
691 2834 745 2876 et
774 2826 982 2893 signum
1007 2841 1214 2874 coronae
1241 2829 1428 2872 vestrae
1471 2818 1651 2886 regiae,
1696 2814 1916 2884 objectis

188 2911 636 2980 respondebimus.
673 2910 1057 2962 Verumtamen
1078 2906 1297 2974 dignum
1317 2912 1396 2955 est
1420 2910 1481 2953 ut
1500 2911 1656 2952 cartae
1682 2898 1914 2951 ecclesiae

190 2994 335 3045 illius
361 3013 391 3046 a
412 2995 580 3046 nobili
605 3013 728 3062 rege
746 2992 1022 3044 Willelmo
1047 2991 1103 3041 in
1126 2990 1468 3040 fundamento
1494 2985 1658 3054 ipsius
1684 2982 1914 3034 ecclesiae

193 3079 522 3148 conscriptae,
562 3087 616 3130 et
640 3098 670 3130 a
695 3075 1081 3129 successoribus
1106 3073 1212 3123 suis
1245 3080 1299 3122 et
1323 3090 1354 3122 a
1376 3070 1523 3121 vobis
1548 3068 1705 3119 etiam
1730 3065 1915 3116 confir-

259 3241 268 3266 ¹
300 3240 405 3283 This
445 3240 481 3282 is
541 3253 567 3281 a
615 3253 714 3295 very
756 3234 1015 3279 remarkable
1103 3232 1255 3288 King’s
1276 3245 1356 3283 ear,
1379 3229 1459 3271 and
1490 3228 1643 3270 incline
1663 3227 1749 3268 him
1772 3233 1814 3267 to
1843 3226 1914 3267 the

204 3298 478 3355 expression;
542 3297 624 3338 and
670 3296 741 3337 the
790 3308 906 3335 more
955 3306 1013 3344 SO,
1100 3304 1224 3331 cause
1253 3289 1299 3330 of
1321 3288 1392 3328 the
1414 3285 1572 3328 Abbot.
1632 3284 1672 3326 It
1693 3291 1805 3324 must
1827 3282 1914 3324 also

197 3356 319 3398 when
345 3370 407 3397 wc
437 3355 630 3398 consider
656 3353 747 3395 that
777 3351 961 3393 Thomas
994 3348 1019 3389 ὲ
1098 3346 1151 3388 be
1193 3343 1492 3397 remembcred,
1532 3342 1622 3383 that
1666 3349 1708 3382 to
1759 3339 1890 3395 crippl

199 3413 361 3455 Becket
378 3427 462 3455 was
479 3426 559 3454 one
574 3411 621 3452 of
637 3411 708 3453 the
730 3415 859 3452 court.
920 3410 1019 3461 Any
1100 3403 1171 3445 the
1192 3417 1330 3459 power
1362 3401 1409 3442 of
1431 3400 1502 3441 the
1530 3397 1746 3453 hierarchy
1770 3397 1824 3453 by
1845 3411 1914 3452 ag-

200 3484 345 3513 means
381 3470 428 3512 of
455 3469 669 3524 attaching
704 3467 847 3509 odium
882 3471 925 3505 to
948 3463 1019 3504 the
1100 3460 1342 3516 grandizing
1372 3458 1443 3499 thc
1465 3457 1625 3510 monks,
1648 3470 1731 3497 was
1764 3462 1855 3511 part
1875 3454 1922 3495 of

199 3527 395 3584 Bishops,
411 3543 457 3570 as
471 3526 687 3569 identified
698 3524 797 3566 with
811 3522 881 3564 the
896 3534 1019 3563 cause
1102 3518 1186 3560 this
1211 3516 1361 3572 King's
1382 3515 1534 3572 policy.

199 3586 245 3627 of
260 3585 330 3628 the
348 3585 536 3643 English,
555 3599 638 3627 was
656 3598 749 3625 sure
766 3589 808 3623 to
833 3580 929 3637 gain
950 3578 1020 3620 the
