2398 4152
140 1091 255 1123 Abbot

142 1133 256 1174 Ralph
281 1132 342 1164 ob-

139 1174 228 1206 tains
242 1184 301 1206 ex-

137 1214 386 1261 emptionfrom

141 1256 312 1298 episcopal

132 1297 349 1371 jfurithiction

155 1349 192 1371 or
243 1349 261 1371 e

143 1380 271 1422 Chapel
285 1380 323 1413 of

147 1423 197 1454 St.
215 1423 359 1464 Mary’s,

143 1463 269 1496 Battle.

407 429 475 479 56
907 444 1186 485 HISTORIA
1223 446 1629 487 FUNDATIONIS

405 564 635 615 martiris
680 565 877 616 ibidem
930 567 1207 618 fundatam
1252 568 1526 636 praedictae
1573 570 1812 622 ecclesiae
1874 572 1939 623 de
2003 570 2158 623 Bello

407 647 638 700 donavit.
716 648 934 700 Terram
960 668 1177 719 quoque
1202 670 1311 703 non
1337 653 1523 721 procul
1557 655 1841 723 sepositam
1866 673 1990 724 quae
2018 654 2159 707 Pen-

408 732 532 784 tewi
570 740 803 796 vocatur,
847 734 974 801 quia
1029 736 1383 787 necessarium
1425 737 1540 789 fore
1583 738 1862 791 videbatur
1903 759 1967 791 eo
2014 739 2161 809 quod

409 816 610 885 optimo
653 817 987 869 habundaret
1041 819 1312 872 frumento
1362 821 1533 873 eidem
1569 822 1828 887 adauxit,
1880 823 2159 893 multaque

408 901 661 953 instantia
698 902 970 955 ecclesiam
1007 905 1072 956 de
1112 903 1267 957 Bello
1305 925 1426 958 cum
1464 907 1573 959 suis
1609 908 2006 976 pertinentibus
2038 927 2160 978 per·-

407 987 589 1039 coluit.

481 1073 627 1127 Quia
650 1093 773 1126 vero
799 1084 861 1126 ut
885 1075 1040 1144 longe
1066 1094 1226 1145 supra
1249 1076 1614 1129 meminimus¹
1654 1078 1891 1147 ejusdem
1927 1076 2068 1129 villae
2095 1076 2161 1128 de

409 1157 562 1210 Bello
588 1158 946 1227 parrochianis
970 1159 1027 1210 in
1051 1160 1270 1212 ecclesia
1292 1161 1436 1212 beati
1463 1160 1691 1213 Martini
1729 1161 1903 1213 omnia
1945 1177 2068 1230 quae
2094 1161 2162 1212 ad

411 1241 870 1295 Christianitatem
913 1244 1255 1313 pertinebant
1293 1245 1465 1313 primo
1509 1245 1808 1314 antiquitus
1847 1245 2158 1313 agebantur,

408 1334 464 1377 et
481 1345 588 1378 non
607 1327 781 1379 multo
797 1337 920 1396 post
935 1337 1174 1397 tempore
1192 1348 1254 1380 eo
1276 1330 1422 1397 quod
1446 1329 1716 1381 monachis
1740 1329 1865 1380 hinc
1885 1328 2161 1398 inquietu-

408 1410 545 1462 dinis
571 1430 761 1476 causae,
786 1431 916 1480 quas
941 1413 1142 1481 absque
1171 1413 1368 1464 ordinis
1393 1413 1679 1466 violatione
1705 1413 1819 1482 pati
1842 1413 2158 1482 nequibant,

408 1495 731 1559 oriebantur,
778 1497 1047 1548 communi
1104 1515 1321 1548 assensu
1375 1506 1529 1549 extra
1574 1515 1848 1548 murorum
1900 1497 2161 1548 ambitum

408 1580 665 1649 capellam
689 1581 746 1631 in
770 1581 944 1633 beatae
970 1581 1077 1632 Dei
1116 1581 1390 1649 genitricis
1417 1581 1610 1633 Mariae
1649 1581 1923 1644 honorem,
1963 1581 2021 1632 in
2055 1600 2162 1650 qua

407 1664 768 1733 parrochianis
793 1666 1054 1734 presbiter
1072 1666 1235 1734 juxta
1258 1666 1479 1717 modum
1505 1665 1825 1717 conditionis
1864 1665 1930 1717 ab
1967 1665 2160 1717 abbate

407 1748 491 1799 vel
528 1749 781 1802 fratribus
820 1750 1137 1819 dispositum
1180 1749 1484 1813 deserviret,
1525 1758 1897 1802 extruxerant.
1976 1749 2162 1804 Quan-

409 1853 570 1902 quam
595 1853 719 1886 vero
758 1835 901 1886 idem
936 1834 1317 1886 monasterium
1349 1835 1518 1886 sancti
1544 1834 1790 1897 Martini,
1817 1833 1961 1886 omni
1988 1834 2161 1902 digni·

409 1929 580 1971 tatum
618 1920 703 1971 vel
745 1921 1057 1972 libertatum
1097 1930 1161 1972 ut
1204 1920 1416 1990 praefati
1458 1939 1639 1972 sumus
1678 1919 1957 1989 privilegio
1997 1919 2161 1987 insig-

408 2004 632 2068 niretur,
660 2005 843 2055 multis
869 2013 1047 2056 tamen
1088 2005 1257 2056 modis
1293 2005 1620 2074 episcopales
1658 2005 1891 2056 maxime
1930 2003 2161 2055 ministri

411 2089 745 2140 occasionum
798 2098 1099 2158 quaerentes
1149 2089 1411 2153 fomitem,
1466 2089 1850 2140 dissimulando
1897 2088 1983 2141 vel
2037 2107 2161 2140 cau-

410 2175 589 2237 sando,
617 2174 811 2238 oleum,
838 2174 923 2225 vel
949 2174 1152 2238 crisma,
1180 2174 1390 2242 aliaque
1424 2175 1491 2225 ad
1518 2173 1971 2225 Christianitatem
1995 2172 2163 2242 perti-

408 2259 608 2321 nentia,
656 2259 910 2310 dilatione
965 2259 1356 2322 subtrahentes,
1401 2258 1592 2328 hisque
1632 2266 1687 2309 et
1731 2258 1928 2309 talibus
1972 2257 2163 2308 fratres

409 2344 607 2412 saepius
633 2344 797 2396 taedio
821 2353 1095 2408 vexantes,
1123 2345 1301 2396 locum
1334 2343 1573 2395 ancillari
1598 2342 1974 2395 moliebantur.
2052 2341 2162 2393 Sed

407 2429 523 2479 haec
549 2429 883 2480 considerans
909 2430 1071 2481 abbas
1098 2429 1385 2492 Radulfus,
1413 2428 1745 2498 provideque
1772 2428 1901 2496 quid
1939 2426 2163 2497 expedi-

409 2523 492 2564 ret
516 2533 636 2564 cum
662 2513 771 2565 suis
797 2522 1044 2577 tractans,
1077 2515 1222 2583 apud
1262 2512 1615 2566 venerabilem
1643 2504 1916 2564 Cicestriae
1960 2528 2162 2581 praesu-

409 2598 514 2648 lem
555 2598 870 2663 Radulfum,
915 2598 1009 2667 qui
1044 2599 1272 2650 eundem
1306 2599 1483 2650 locum
1511 2598 1684 2650 multo
1722 2616 1930 2666 semper
1965 2598 2163 2649 affectu

410 2684 545 2735 fovit
594 2692 649 2734 et
703 2684 922 2747 extulit,
976 2684 1137 2753 hujus
1202 2685 1281 2734 rei
1335 2682 1723 2751 querimoniam
1778 2682 1979 2734 absolvi
2028 2681 2162 2733 utile

404 2769 682 2838 judicavit.
759 2768 922 2820 Facta
945 2768 1112 2837 igitur
1134 2769 1299 2837 hujus
1325 2784 1498 2819 causae
1524 2767 1796 2830 concione,
1823 2767 2014 2818 abbate
2041 2784 2162 2817 cum

411 2854 680 2907 monachis
706 2853 977 2922 aliquibus
1017 2852 1326 2904 Cicestriam
1352 2853 1600 2916 adeunte,
1629 2870 1803 2903 coram
1824 2851 1984 2920 pleno
2022 2851 2163 2920 ejus-

412 2942 531 2992 dem
575 2939 811 2991 ecclesiae
856 2937 1089 3007 capitulo
1134 2937 1232 2988 hac
1276 2955 1432 2988 causa
1474 2935 1746 2998 ventilata,
1792 2936 1858 2986 ab
1915 2934 2162 3004 episcopo

409 3026 780 3077 confirmatum
806 3032 887 3075 est
912 3021 1178 3074 communi
1204 3039 1436 3084 assensu,
1463 3028 1526 3071 ut
1563 3020 1702 3070 sicut
1737 3018 1959 3069 ecclesia
1995 3018 2163 3070 sancti

411 3109 637 3162 Martini
679 3110 744 3160 de
789 3107 963 3171 Bello,
1009 3114 1064 3157 et
1105 3105 1308 3174 capella
1363 3123 1578 3174 quoque
1618 3111 1814 3155 sanctae
1859 3102 2052 3154 Mariae
2097 3103 2162 3154 de

410 3196 592 3246 eadem
616 3193 760 3256 villa,
786 3193 954 3244 libera
978 3198 1033 3242 et
1058 3189 1243 3258 quieta
1268 3188 1337 3240 sit
1360 3189 1418 3239 in
1442 3196 1783 3258 perpetuum,
1812 3187 1877 3238 de
1916 3187 2163 3239 omnibus

409 3278 885 3331 consuetudinibus
910 3284 964 3327 et
1002 3273 1354 3326 forisfacturis
1394 3271 1802 3341 episcopalibus,
1831 3278 1887 3322 et
1911 3270 1975 3321 de
2001 3271 2162 3322 dena-

408 3364 500 3415 riis
533 3363 636 3414 olei
663 3371 718 3414 et
747 3360 952 3431 synodi,
1030 3358 1300 3410 Presbiter
1323 3376 1447 3409 vero
1474 3356 1619 3408 illius
1657 3355 1873 3425 capellae
1900 3355 2162 3423 synodum

409 3449 474 3500 ad
499 3447 819 3516 episcopalia
843 3453 1053 3496 tantum
1077 3452 1346 3512 praecepta
1367 3442 1628 3493 audienda
1653 3441 1825 3503 adeat,
1843 3458 1940 3489 nec
1962 3439 2162 3490 ibidem

408 3552 504 3602 pro
545 3532 723 3600 aliqua
766 3530 923 3598 culpa
959 3528 1225 3598 judicium
1266 3527 1468 3578 subeat.
1555 3525 1644 3577 Ad
1687 3524 1999 3575 clericorum
2037 3541 2160 3579 vero

1130 3638 1143 3663 ¹
1176 3637 1255 3679 See
1277 3651 1318 3693 p.
1340 3636 1409 3679 27.
