2398 4152
441 444 510 494 42
945 450 1227 493 HISTORIA
1270 452 1683 496 FUNDATIONIS

439 595 559 629 cum
602 575 849 627 Burstale
887 583 943 626 et
978 575 1445 639 AEilbrichteston,
1492 577 1765 628 ecclesiam
1800 578 1866 629 de
1910 578 2184 632 Eilesham

437 680 559 712 cum
602 659 837 728 capellis,
867 659 1197 712 Stevechaiae
1223 660 1427 712 scilicet
1442 679 1563 712 cum
1587 661 1644 714 ii.
1673 661 1916 730 partibus
1941 664 2182 729 decimae,

436 755 492 794 et
519 743 780 812 Scipdene
819 761 941 794 cum
966 743 1023 795 ii.
1049 743 1295 812 partibus
1318 744 1557 808 decimae,
1603 753 1660 796 et
1685 745 1956 799 Brundele
1997 748 2184 800 simili-

435 836 533 890 ter,
571 836 627 878 et
652 827 1058 897 Banningeham
1097 828 1359 894 similiter,
1402 837 1459 881 et
1483 849 1606 882 cum
1629 830 1917 882 medietate
1942 832 2182 884 ecclesiae

434 913 498 963 de
526 911 887 981 Inguwerthe,
915 922 970 964 et
1013 931 1136 964 cum
1160 913 1324 966 feudo
1363 915 1510 983 quod
1551 915 1879 967 Brithtricus
1916 915 2183 984 presbiter

434 998 668 1061 tenebat,
696 1005 892 1049 terram
917 997 1121 1049 scilicet
1145 999 1307 1050 unius
1333 999 1614 1050 socheman
1639 999 1696 1051 in
1723 999 1912 1051 eodem
1945 1001 2183 1052 manerio

433 1082 498 1133 de
543 1081 835 1145 Eilesham,
881 1082 957 1133 ita
990 1081 1212 1133 liberam
1254 1090 1309 1133 et
1354 1083 1591 1151 quietam
1626 1083 2016 1151 possidendam,
2043 1084 2185 1137 sicut

433 1185 615 1218 omnes
662 1166 791 1218 alias
830 1174 995 1217 terras
1038 1184 1160 1218 suas
1202 1166 1454 1235 possidet.
1552 1166 1815 1218 Similiter
1859 1176 1914 1218 et
1961 1168 2182 1238 capellae

432 1251 668 1302 ecclesiae
704 1251 769 1301 de
796 1251 1087 1302 Brantham
1131 1251 1504 1320 suprascriptae
1543 1251 1600 1303 ii.
1641 1259 1819 1320 partes
1867 1252 2089 1303 decimae
2115 1252 2182 1303 de

432 1336 667 1387 dominio
693 1335 894 1387 domini
919 1336 1137 1407 habent.

504 1421 619 1472 Has
658 1421 824 1489 igitur
865 1420 1113 1471 ecclesias
1162 1439 1284 1471 cum
1334 1421 1489 1471 terris
1527 1429 1583 1472 et
1621 1419 1839 1472 decimis
1883 1429 1939 1473 et
1979 1440 2184 1491 posses-

427 1506 668 1557 sionibus
707 1514 870 1573 atque
923 1505 1229 1557 hominibus
1277 1506 1383 1556 illis
1422 1506 1838 1575 pertinentibus,
1884 1507 2028 1559 idem
2063 1526 2181 1572 rex,

427 1598 491 1641 ut
526 1589 845 1658 praedictum
883 1598 981 1651 est,
1020 1589 1214 1641 liberas
1258 1597 1313 1641 et
1357 1590 1567 1658 quietas
1609 1591 1676 1642 ab
1716 1591 1860 1642 omni
1901 1592 2182 1644 exactione

427 1683 483 1725 et
531 1673 917 1726 consuetudine
967 1673 1205 1724 ecclesiae
1259 1674 1323 1725 de
1379 1674 1533 1725 Bello
1583 1675 1844 1726 concessit
1904 1684 1962 1727 et
2016 1676 2182 1740 dedit,

424 1757 792 1827 praecepitque
852 1756 1013 1808 etiam
1076 1765 1140 1809 ut
1198 1758 1394 1822 clerici,
1457 1759 1552 1827 qui
1611 1778 1700 1811 eas
1755 1759 1995 1812 investiti
2053 1767 2182 1813 tunc

426 1844 700 1905 tenebant,
743 1840 979 1894 ecclesiae
1027 1841 1168 1892 Belli
1205 1850 1468 1894 statutum
1502 1843 1781 1895 annuatim
1820 1844 2184 1913 persolverent

426 1945 669 1989 censum3
704 1926 813 1978 illis
846 1945 970 1978 vero
1006 1927 1350 1990 obeuntibUS,
1392 1927 1457 1978 de
1494 1927 1695 1979 eisdem
1739 1928 1976 1981 ecclesiis
2018 1929 2183 1981 abbas

426 2019 481 2063 et
529 2010 773 2062 monachi
823 2011 889 2062 de
938 2009 1092 2061 Bello
1139 2011 1431 2062 secundum
1482 2012 1628 2080 quod
1677 2011 1754 2063 eis
1805 2011 1995 2064 utilius
2043 2013 2184 2065 foret

428 2096 789 2164 disponerent.
868 2094 973 2145 His
997 2095 1075 2146 ita
1110 2114 1232 2146 cum
1272 2102 1593 2148 testamento
1618 2096 1781 2163 regiae
1809 2104 1968 2148 cartae
2003 2097 2182 2167 dispo-

428 2180 562 2243 sitis,
590 2180 829 2231 omnium
855 2197 1072 2247 quoque
1100 2179 1473 2248 episcoporum
1499 2180 1595 2248 qui
1620 2180 1892 2232 affuerunt
1929 2182 2029 2233 sub
2055 2201 2181 2234 ana-

427 2264 677 2316 thematis
716 2263 1150 2315 interminatione
1192 2264 1539 2328 confirmavit,
1567 2273 1631 2316 ut
1668 2265 1872 2318 nullius
1912 2285 2073 2336 super
2096 2267 2181 2319 his

426 2349 725 2401 molestiam
772 2355 1100 2417 paterentur,
1142 2348 1445 2400 auctoritas·
1522 2348 1739 2403 Quibus
1779 2349 2027 2401 omnibus
2073 2349 2179 2402 rite

427 2433 723 2502 completis,
764 2450 972 2483 necnon
1021 2440 1077 2483 et
1125 2432 1191 2483 ab
1237 2432 1609 2501 episcoporum
1667 2434 2179 2502 praenominatorum

426 2517 694 2570 communi
710 2517 948 2569 omnium
963 2517 1245 2581 sententia,
1258 2517 1652 2586 poenitentibus
1672 2517 1937 2581 omnibus,
1955 2518 2023 2569 ad
2038 2519 2085 2587 ej
2091 2537 2178 2571 us-

427 2603 547 2653 dem
567 2601 916 2653 dedicationis
931 2601 1070 2653 diem
1096 2601 1505 2653 anniversariam
1530 2601 1960 2666 adventantibus,
1987 2601 2179 2655 diebus

425 2686 585 2738 xxxta
625 2685 897 2749 relaxatiS,
923 2693 1046 2754 post
1071 2684 1338 2737 sufficiens
1375 2685 1635 2737 universis
1675 2685 1917 2737 oblatum
1943 2686 2179 2739 caritatis

425 2765 662 2839 epulum,
684 2769 991 2820 laetabunde
1008 2769 1295 2820 discessum
1321 2778 1418 2821 est.
1496 2769 1800 2838 Tantopere
1826 2788 1952 2822 vero
1977 2789 2178 2822 memo-

425 2863 572 2906 ratus
614 2872 715 2905 rex
753 2853 976 2904 eandem
1019 2853 1248 2915 amabat,
1291 2845 1591 2916 excolebat,
1620 2853 1984 2922 tuebaturque
2009 2854 2177 2906 eccle-

426 2939 574 3002 siam,
616 2938 840 3008 ejusque
879 2936 1167 3004 dignitates
1209 2944 1263 2987 et
1296 2935 1499 3005 regales
1525 2937 1937 2988 consuetudines
1967 2956 2177 2990 conser-

424 3023 600 3086 vabat,
640 3030 704 3073 ut
751 3020 1198 3089 quemadmodum
1237 3019 1404 3088 patris
1454 3019 1570 3087 ejus
1609 3027 1847 3089 tempore
1895 3021 2076 3072 nullus
2126 3021 2177 3073 ei

426 3108 557 3159 adeo
597 3105 859 3158 adversari
902 3113 1268 3174 praesumeret,
1310 3104 1424 3172 ipse
1483 3122 1698 3171 quoque
1749 3103 1998 3171 quotiens
2052 3124 2177 3158 casu

425 3191 619 3242 vicinia
664 3197 892 3259 peteret,
944 3208 1014 3240 ex
1078 3188 1380 3240 dilectionis
1437 3187 1764 3239 abundantia
1811 3187 2009 3257 saepius
2057 3208 2175 3241 eam

424 3276 668 3338 revisere,
694 3275 893 3338 fovere,
921 3281 977 3324 et
1002 3273 1260 3325 consolari
1285 3273 1473 3324 solitus
1497 3271 1690 3323 suerat.

154 3393 189 3416 A.
210 3393 246 3416 n.
267 3389 358 3421 1095.
498 3360 762 3428 Tempore
783 3358 967 3427 itaque
987 3356 1306 3409 venerabilis
1333 3355 1542 3408 abbatis
1566 3354 1880 3419 Gausberti;
1894 3356 1995 3409 hoc
2014 3359 2174 3410 modo

153 3426 319 3499 ἓθῖῗιὴοι
424 3444 522 3495 sub
548 3444 665 3512 ipso
691 3462 745 3493 se
771 3443 931 3494 rebus
957 3441 1299 3505 habentibUS,
1338 3460 1459 3492 cum
1486 3441 1600 3509 jam
1634 3439 1909 3508 religionis
1947 3439 2170 3495 suminae

153 3507 335 3540 Gausbert.
649 3528 659 3538 .
916 3527 927 3537 .
1439 3525 1452 3547 Ι.
1987 3526 1998 3536 .

151 3550 233 3590 me
248 3552 302 3586 27.
423 3528 749 3590 fundamlna,
792 3535 855 3578 ut
879 3545 958 3578 vu·
987 3526 1189 3579 coelebs
1220 3534 1274 3577 et
1299 3524 1613 3576 multimoda
1638 3525 1924 3577 adornatus
1949 3534 2168 3592 virtute,

422 3614 488 3664 ad
526 3612 826 3681 perfectum
865 3629 1036 3679 usque
1095 3611 1237 3679 apud
1277 3609 1505 3661 eundem
1550 3609 1726 3661 locum
1764 3610 2168 3676 corroborasset,
