<?xml version="1.0" encoding="UTF-8"?>
<!DOCTYPE html PUBLIC "-//W3C//DTD XHTML 1.0 Transitional//EN"
    "http://www.w3.org/TR/xhtml1/DTD/xhtml1-transitional.dtd">
<html xmlns="http://www.w3.org/1999/xhtml" xml:lang="en" lang="en">
 <head>
  <title>
</title>
<meta http-equiv="Content-Type" content="text/html;charset=utf-8" />
  <meta name='ocr-system' content='tesseract 3.04.00' />
  <meta name='ocr-capabilities' content='ocr_page ocr_carea ocr_par ocr_line ocrx_word'/>
</head>
<body>
  <div class='ocr_page' id='page_1' title='image "./chroniconmonaste00battuoft_0199.png"; bbox 0 0 2398 4152; ppageno 0'>
   <div class='ocr_carea' id='block_1_1' title="bbox 0 0 173 4152">
    <p class='ocr_par' dir='ltr' id='par_1_1' title="bbox 0 0 173 4152">
     <span class='ocr_line' id='line_1_1' title="bbox 0 0 173 4152; baseline 0 0"><span class='ocrx_word' id='word_1_1' title='bbox 0 0 173 4152; x_wconf 95' lang='lat' dir='ltr'> </span> 
     </span>
    </p>
   </div>
   <div class='ocr_carea' id='block_1_2' title="bbox 667 402 1897 464">
    <p class='ocr_par' dir='ltr' id='par_1_2' title="bbox 667 402 1897 464">
     <span class='ocr_line' id='line_1_2' title="bbox 667 402 1897 464; baseline -0.003 -1"><span class='ocrx_word' id='word_1_2' title='bbox 667 421 1032 464; x_wconf 74' lang='lat' dir='ltr'>MoNAs&#39;rERn</span> <span class='ocrx_word' id='word_1_3' title='bbox 1076 421 1154 461; x_wconf 83' lang='lat' dir='ltr'>DE</span> <span class='ocrx_word' id='word_1_4' title='bbox 1198 420 1401 460; x_wconf 80' lang='lat' dir='ltr'>BELLO.</span> <span class='ocrx_word' id='word_1_5' title='bbox 1796 402 1897 459; x_wconf 85' lang='lat'>157</span> 
     </span>
    </p>
   </div>
   <div class='ocr_carea' id='block_1_3' title="bbox 126 539 1935 2032">
    <p class='ocr_par' dir='ltr' id='par_1_3' title="bbox 172 539 1902 679">
     <span class='ocr_line' id='line_1_3' title="bbox 172 539 1902 609; baseline -0.002 -17"><span class='ocrx_word' id='word_1_6' title='bbox 172 542 357 609; x_wconf 89' lang='lat' dir='ltr'>gratia,</span> <span class='ocrx_word' id='word_1_7' title='bbox 381 542 653 594; x_wconf 69' lang='lat' dir='ltr'>vel&#39;etia&#39;m</span> <span class='ocrx_word' id='word_1_8' title='bbox 687 543 1005 606; x_wconf 44' lang='lat' dir='ltr'>terrore,*ad</span> <span class='ocrx_word' id='word_1_9' title='bbox 1044 541 1478 594; x_wconf 86' lang='lat' dir='ltr'>consentiendum</span> <span class='ocrx_word' id='word_1_10' title='bbox 1515 539 1760 591; x_wconf 91' lang='lat' dir='ltr'>electioni</span> <span class='ocrx_word' id='word_1_11' title='bbox 1793 557 1902 590; x_wconf 91' lang='lat' dir='ltr'>suae</span> 
     </span>
     <span class='ocr_line' id='line_1_4' title="bbox 176 627 890 679; baseline 0.004 -3"><span class='ocrx_word' id='word_1_12' title='bbox 176 627 410 678; x_wconf 90' lang='lat' dir='ltr'>animum</span> <span class='ocrx_word' id='word_1_13' title='bbox 434 628 890 679; x_wconf 84' lang='lat' dir='ltr'><strong>accommodasset.</strong></span> 
     </span>
    </p>

    <p class='ocr_par' dir='ltr' id='par_1_4' title="bbox 126 708 1935 2032">
     <span class='ocr_line' id='line_1_5' title="bbox 251 708 1910 779; baseline -0.001 -18"><span class='ocrx_word' id='word_1_14' title='bbox 251 709 640 762; x_wconf 89' lang='lat' dir='ltr'>Consummatis</span> <span class='ocrx_word' id='word_1_15' title='bbox 678 711 924 763; x_wconf 90' lang='lat' dir='ltr'>omnibus</span> <span class='ocrx_word' id='word_1_16' title='bbox 963 727 1085 779; x_wconf 84' lang='lat' dir='ltr'>quae</span> <span class='ocrx_word' id='word_1_17' title='bbox 1126 710 1260 762; x_wconf 90' lang='lat' dir='ltr'>circa</span> <span class='ocrx_word' id='word_1_18' title='bbox 1309 710 1622 761; x_wconf 83' lang='lat' dir='ltr'>electionem</span> <span class='ocrx_word' id='word_1_19' title='bbox 1671 708 1910 760; x_wconf 88' lang='lat' dir='ltr'>facienda</span> 
     </span>
     <span class='ocr_line' id='line_1_6' title="bbox 176 792 1911 856; baseline -0.001 -12"><span class='ocrx_word' id='word_1_20' title='bbox 176 793 509 856; x_wconf 88' lang='lat' dir='ltr'>videbantur,</span> <span class='ocrx_word' id='word_1_21' title='bbox 573 812 673 845; x_wconf 92' lang='lat' dir='ltr'>rex</span> <span class='ocrx_word' id='word_1_22' title='bbox 724 795 790 846; x_wconf 90' lang='lat' dir='ltr'>ab</span> <span class='ocrx_word' id='word_1_23' title='bbox 849 813 911 846; x_wconf 93' lang='lat' dir='ltr'>eo</span> <span class='ocrx_word' id='word_1_24' title='bbox 979 801 1362 845; x_wconf 90' lang='lat' dir='ltr'>sacramentum</span> <span class='ocrx_word' id='word_1_25' title='bbox 1411 793 1679 844; x_wconf 87' lang='lat' dir='ltr'>servandae</span> <span class='ocrx_word' id='word_1_26' title='bbox 1740 792 1911 844; x_wconf 89' lang='lat' dir='ltr'>fideli-</span> 
     </span>
     <span class='ocr_line' id='line_1_7' title="bbox 179 876 1913 946; baseline -0.001 -19"><span class='ocrx_word' id='word_1_27' title='bbox 179 877 321 938; x_wconf 82' lang='lat' dir='ltr'><strong>tatis,</strong></span> <span class='ocrx_word' id='word_1_28' title='bbox 387 896 484 946; x_wconf 92' lang='lat' dir='ltr'>pro</span> <span class='ocrx_word' id='word_1_29' title='bbox 532 878 913 929; x_wconf 91' lang='lat' dir='ltr'>consuetudine</span> <span class='ocrx_word' id='word_1_30' title='bbox 963 896 1069 929; x_wconf 93' lang='lat' dir='ltr'>non</span> <span class='ocrx_word' id='word_1_31' title='bbox 1127 876 1327 943; x_wconf 86' lang='lat' dir='ltr'>exegit,</span> <span class='ocrx_word' id='word_1_32' title='bbox 1378 876 1546 926; x_wconf 90' lang='lat' dir='ltr'>sciens</span> <span class='ocrx_word' id='word_1_33' title='bbox 1613 894 1736 926; x_wconf 91' lang='lat' dir='ltr'>eum</span> <span class='ocrx_word' id='word_1_34' title='bbox 1793 876 1913 926; x_wconf 93' lang='lat' dir='ltr'>nul-</span> 
     </span>
     <span class='ocr_line' id='line_1_8' title="bbox 180 959 1913 1030; baseline -0.001 -19"><span class='ocrx_word' id='word_1_35' title='bbox 180 960 389 1011; x_wconf 90' lang='lat' dir='ltr'>latenus</span> <span class='ocrx_word' id='word_1_36' title='bbox 433 961 817 1030; x_wconf 83' lang='lat' dir='ltr'>praestiturum,</span> <span class='ocrx_word' id='word_1_37' title='bbox 858 961 1020 1012; x_wconf 90' lang='lat' dir='ltr'>immo</span> <span class='ocrx_word' id='word_1_38' title='bbox 1070 960 1236 1026; x_wconf 87' lang='lat' dir='ltr'>magis</span> <span class='ocrx_word' id='word_1_39' title='bbox 1285 959 1330 1010; x_wconf 92' lang='lat' dir='ltr'>si</span> <span class='ocrx_word' id='word_1_40' title='bbox 1377 959 1442 1009; x_wconf 92' lang='lat' dir='ltr'>ab</span> <span class='ocrx_word' id='word_1_41' title='bbox 1483 977 1546 1009; x_wconf 94' lang='lat' dir='ltr'>eo</span> <span class='ocrx_word' id='word_1_42' title='bbox 1589 959 1913 1027; x_wconf 82' lang='lat' dir='ltr'>exigeretur,</span> 
     </span>
     <span class='ocr_line' id='line_1_9' title="bbox 126 1042 1917 1109; baseline -0.003 -12"><span class='ocrx_word' id='word_1_43' title='bbox 126 1084 128 1087; x_wconf 36' lang='grc'>,</span> <span class='ocrx_word' id='word_1_44' title='bbox 183 1044 524 1097; x_wconf 87' lang='lat' dir='ltr'>renuntiandi</span> <span class='ocrx_word' id='word_1_45' title='bbox 549 1043 795 1095; x_wconf 92' lang='lat' dir='ltr'>electioni</span> <span class='ocrx_word' id='word_1_46' title='bbox 816 1043 940 1094; x_wconf 92' lang='lat' dir='ltr'>inde</span> <span class='ocrx_word' id='word_1_47' title='bbox 968 1042 1293 1094; x_wconf 87' lang='lat' dir='ltr'>occasionem</span> <span class='ocrx_word' id='word_1_48' title='bbox 1320 1042 1687 1109; x_wconf 88' lang='lat' dir='ltr'>quaesiturum.</span> <span class='ocrx_word' id='word_1_49' title='bbox 1764 1042 1917 1093; x_wconf 87' lang='lat' dir='ltr'>Prior</span> 
     </span>
     <span class='ocr_line' id='line_1_10' title="bbox 185 1124 1919 1192; baseline -0.002 -14"><span class='ocrx_word' id='word_1_50' title='bbox 185 1135 240 1179; x_wconf 93' lang='lat' dir='ltr'>et</span> <span class='ocrx_word' id='word_1_51' title='bbox 300 1127 486 1178; x_wconf 90' lang='lat' dir='ltr'>fratres</span> <span class='ocrx_word' id='word_1_52' title='bbox 535 1126 703 1177; x_wconf 90' lang='lat' dir='ltr'>sancti</span> <span class='ocrx_word' id='word_1_53' title='bbox 751 1126 978 1178; x_wconf 90' lang='lat' dir='ltr'>Martini</span> <span class='ocrx_word' id='word_1_54' title='bbox 1039 1126 1104 1176; x_wconf 89' lang='lat' dir='ltr'>de</span> <span class='ocrx_word' id='word_1_55' title='bbox 1169 1125 1323 1175; x_wconf 91' lang='lat' dir='ltr'>Bello</span> <span class='ocrx_word' id='word_1_56' title='bbox 1382 1124 1608 1192; x_wconf 87' lang='lat' dir='ltr'>peractis</span> <span class='ocrx_word' id='word_1_57' title='bbox 1673 1125 1919 1175; x_wconf 91' lang='lat' dir='ltr'>omnibus</span> 
     </span>
     <span class='ocr_line' id='line_1_11' title="bbox 185 1208 1921 1278; baseline -0.001 -17"><span class='ocrx_word' id='word_1_58' title='bbox 185 1229 281 1278; x_wconf 94' lang='lat' dir='ltr'>pro</span> <span class='ocrx_word' id='word_1_59' title='bbox 327 1210 523 1278; x_wconf 89' lang='lat' dir='ltr'>quibus</span> <span class='ocrx_word' id='word_1_60' title='bbox 576 1209 672 1260; x_wconf 89' lang='lat' dir='ltr'>illo</span> <span class='ocrx_word' id='word_1_61' title='bbox 709 1217 979 1272; x_wconf 87' lang='lat' dir='ltr'>venerant,</span> <span class='ocrx_word' id='word_1_62' title='bbox 1021 1208 1197 1277; x_wconf 90' lang='lat' dir='ltr'>ipsum</span> <span class='ocrx_word' id='word_1_63' title='bbox 1247 1217 1435 1277; x_wconf 88' lang='lat' dir='ltr'>utpote</span> <span class='ocrx_word' id='word_1_64' title='bbox 1484 1208 1586 1259; x_wconf 92' lang='lat' dir='ltr'>sibi</span> <span class='ocrx_word' id='word_1_65' title='bbox 1628 1210 1740 1277; x_wconf 88' lang='lat' dir='ltr'>jam</span> <span class='ocrx_word' id='word_1_66' title='bbox 1787 1209 1921 1259; x_wconf 90' lang='lat' dir='ltr'>elec-</span> 
     </span>
     <span class='ocr_line' id='line_1_12' title="bbox 189 1292 1920 1362; baseline 0.001 -20"><span class='ocrx_word' id='word_1_67' title='bbox 189 1293 332 1344; x_wconf 90' lang='lat' dir='ltr'>tione</span> <span class='ocrx_word' id='word_1_68' title='bbox 362 1293 663 1361; x_wconf 86' lang='lat' dir='ltr'>praelatum,</span> <span class='ocrx_word' id='word_1_69' title='bbox 698 1293 828 1362; x_wconf 90' lang='lat' dir='ltr'>quid</span> <span class='ocrx_word' id='word_1_70' title='bbox 865 1292 1167 1343; x_wconf 86' lang='lat' dir='ltr'>faciendum</span> <span class='ocrx_word' id='word_1_71' title='bbox 1201 1292 1508 1343; x_wconf 89' lang='lat' dir='ltr'>decerneret</span> <span class='ocrx_word' id='word_1_72' title='bbox 1544 1302 1920 1356; x_wconf 88' lang='lat' dir='ltr'>convenerunt,</span> 
     </span>
     <span class='ocr_line' id='line_1_13' title="bbox 189 1376 1924 1445; baseline -0.001 -17"><span class='ocrx_word' id='word_1_73' title='bbox 189 1385 436 1428; x_wconf 82' lang='lat' dir='ltr'>maestum</span> <span class='ocrx_word' id='word_1_74' title='bbox 495 1376 751 1428; x_wconf 92' lang='lat' dir='ltr'>consolari</span> <span class='ocrx_word' id='word_1_75' title='bbox 802 1376 1095 1445; x_wconf 83' lang='lat' dir='ltr'>cupienteS,</span> <span class='ocrx_word' id='word_1_76' title='bbox 1153 1376 1616 1444; x_wconf 87' lang='lat' dir='ltr'>omnimodamque</span> <span class='ocrx_word' id='word_1_77' title='bbox 1670 1395 1790 1427; x_wconf 90' lang='lat' dir='ltr'>cum</span> <span class='ocrx_word' id='word_1_78' title='bbox 1843 1395 1924 1426; x_wconf 87' lang='lat' dir='ltr'>re·</span> 
     </span>
     <span class='ocr_line' id='line_1_14' title="bbox 189 1459 1924 1529; baseline -0.001 -19"><span class='ocrx_word' id='word_1_79' title='bbox 189 1460 428 1510; x_wconf 88' lang='lat' dir='ltr'>verentia</span> <span class='ocrx_word' id='word_1_80' title='bbox 473 1459 574 1511; x_wconf 89' lang='lat' dir='ltr'>sibi</span> <span class='ocrx_word' id='word_1_81' title='bbox 629 1459 986 1511; x_wconf 89' lang='lat' dir='ltr'>obedientiam</span> <span class='ocrx_word' id='word_1_82' title='bbox 1033 1460 1427 1529; x_wconf 85' lang='lat' dir='ltr'>promittentes.</span> <span class='ocrx_word' id='word_1_83' title='bbox 1519 1459 1787 1527; x_wconf 87' lang='lat' dir='ltr'>Praecepit</span> <span class='ocrx_word' id='word_1_84' title='bbox 1833 1459 1924 1509; x_wconf 89' lang='lat' dir='ltr'>ille</span> 
     </span>
     <span class='ocr_line' id='line_1_15' title="bbox 192 1543 1929 1612; baseline 0 -19"><span class='ocrx_word' id='word_1_85' title='bbox 192 1562 372 1594; x_wconf 90' lang='lat' dir='ltr'>omnes</span> <span class='ocrx_word' id='word_1_86' title='bbox 420 1543 619 1612; x_wconf 89' lang='lat' dir='ltr'>pariter</span> <span class='ocrx_word' id='word_1_87' title='bbox 667 1543 882 1594; x_wconf 90' lang='lat' dir='ltr'>domum</span> <span class='ocrx_word' id='word_1_88' title='bbox 930 1562 1181 1607; x_wconf 90' lang='lat' dir='ltr'>remeare,</span> <span class='ocrx_word' id='word_1_89' title='bbox 1244 1544 1423 1596; x_wconf 92' lang='lat' dir='ltr'>dicens</span> <span class='ocrx_word' id='word_1_90' title='bbox 1471 1562 1527 1595; x_wconf 90' lang='lat' dir='ltr'>se</span> <span class='ocrx_word' id='word_1_91' title='bbox 1589 1543 1929 1595; x_wconf 90' lang='lat' dir='ltr'>Cantuariam</span> 
     </span>
     <span class='ocr_line' id='line_1_16' title="bbox 192 1627 1930 1695; baseline -0.001 -16"><span class='ocrx_word' id='word_1_92' title='bbox 192 1627 477 1689; x_wconf 90' lang='lat' dir='ltr'>aditurum,</span> <span class='ocrx_word' id='word_1_93' title='bbox 503 1627 687 1695; x_wconf 91' lang='lat' dir='ltr'>ibique</span> <span class='ocrx_word' id='word_1_94' title='bbox 714 1628 1100 1679; x_wconf 90' lang='lat' dir='ltr'>communicato</span> <span class='ocrx_word' id='word_1_95' title='bbox 1126 1647 1245 1678; x_wconf 91' lang='lat' dir='ltr'>cum</span> <span class='ocrx_word' id='word_1_96' title='bbox 1279 1628 1514 1679; x_wconf 78' lang='lat' dir='ltr'>ecclesiae</span> <span class='ocrx_word' id='word_1_97' title='bbox 1541 1644 1652 1679; x_wconf 86' lang='lat' dir='ltr'>suae</span> <span class='ocrx_word' id='word_1_98' title='bbox 1676 1627 1930 1679; x_wconf 88' lang='lat' dir='ltr'>fratribus</span> 
     </span>
     <span class='ocr_line' id='line_1_17' title="bbox 193 1711 1930 1780; baseline -0.001 -17"><span class='ocrx_word' id='word_1_99' title='bbox 193 1711 428 1774; x_wconf 88' lang='lat' dir='ltr'>consilio,</span> <span class='ocrx_word' id='word_1_100' title='bbox 458 1712 522 1762; x_wconf 94' lang='lat' dir='ltr'>de</span> <span class='ocrx_word' id='word_1_101' title='bbox 547 1730 776 1780; x_wconf 92' lang='lat' dir='ltr'>quorum</span> <span class='ocrx_word' id='word_1_102' title='bbox 801 1711 1003 1763; x_wconf 91' lang='lat' dir='ltr'>sincero</span> <span class='ocrx_word' id='word_1_103' title='bbox 1030 1712 1167 1763; x_wconf 91' lang='lat' dir='ltr'>circa</span> <span class='ocrx_word' id='word_1_104' title='bbox 1192 1731 1245 1763; x_wconf 93' lang='lat' dir='ltr'>se</span> <span class='ocrx_word' id='word_1_105' title='bbox 1270 1731 1378 1764; x_wconf 93' lang='lat' dir='ltr'>non</span> <span class='ocrx_word' id='word_1_106' title='bbox 1413 1713 1691 1764; x_wconf 88' lang='lat' dir='ltr'>dubitabat</span> <span class='ocrx_word' id='word_1_107' title='bbox 1719 1713 1930 1772; x_wconf 87' lang='lat' dir='ltr'>affectu,</span> 
     </span>
     <span class='ocr_line' id='line_1_18' title="bbox 191 1795 1935 1865; baseline 0.001 -20"><span class='ocrx_word' id='word_1_108' title='bbox 191 1813 250 1846; x_wconf 38' lang='lat' dir='ltr'>‘se</span> <span class='ocrx_word' id='word_1_109' title='bbox 276 1795 343 1846; x_wconf 90' lang='lat' dir='ltr'>ad</span> <span class='ocrx_word' id='word_1_110' title='bbox 369 1813 551 1846; x_wconf 88' lang='lat' dir='ltr'>eorum</span> <span class='ocrx_word' id='word_1_111' title='bbox 578 1795 858 1846; x_wconf 89' lang='lat' dir='ltr'>arbitrium</span> <span class='ocrx_word' id='word_1_112' title='bbox 885 1795 1130 1846; x_wconf 92' lang='lat' dir='ltr'>electioni</span> <span class='ocrx_word' id='word_1_113' title='bbox 1165 1814 1274 1847; x_wconf 90' lang='lat' dir='ltr'>suae</span> <span class='ocrx_word' id='word_1_114' title='bbox 1296 1796 1380 1847; x_wconf 88' lang='lat' dir='ltr'>vel</span> <span class='ocrx_word' id='word_1_115' title='bbox 1412 1796 1628 1865; x_wconf 90' lang='lat' dir='ltr'>penitus</span> <span class='ocrx_word' id='word_1_116' title='bbox 1661 1796 1935 1848; x_wconf 87' lang='lat' dir='ltr'>renuntia-</span> 
     </span>
     <span class='ocr_line' id='line_1_19' title="bbox 197 1878 1935 1949; baseline 0.001 -20"><span class='ocrx_word' id='word_1_117' title='bbox 197 1886 396 1942; x_wconf 87' lang='lat' dir='ltr'>turum,</span> <span class='ocrx_word' id='word_1_118' title='bbox 441 1878 523 1930; x_wconf 89' lang='lat' dir='ltr'>vel</span> <span class='ocrx_word' id='word_1_119' title='bbox 574 1879 788 1930; x_wconf 90' lang='lat' dir='ltr'>omnino</span> <span class='ocrx_word' id='word_1_120' title='bbox 839 1898 1108 1931; x_wconf 90' lang='lat' dir='ltr'>assensum</span> <span class='ocrx_word' id='word_1_121' title='bbox 1155 1879 1522 1948; x_wconf 80' lang='lat' dir='ltr'>praebiturum,</span> <span class='ocrx_word' id='word_1_122' title='bbox 1574 1881 1771 1949; x_wconf 92' lang='lat' dir='ltr'>quippe</span> <span class='ocrx_word' id='word_1_123' title='bbox 1815 1898 1935 1931; x_wconf 91' lang='lat' dir='ltr'>cum</span> 
     </span>
     <span class='ocr_line' id='line_1_20' title="bbox 196 1963 1935 2032; baseline 0.001 -19"><span class='ocrx_word' id='word_1_124' title='bbox 196 1963 425 2015; x_wconf 91' lang='lat' dir='ltr'>necdum</span> <span class='ocrx_word' id='word_1_125' title='bbox 468 1981 856 2032; x_wconf 90' lang='lat' dir='ltr'>usquequaque</span> <span class='ocrx_word' id='word_1_126' title='bbox 895 1982 1058 2032; x_wconf 89' lang='lat' dir='ltr'>penes</span> <span class='ocrx_word' id='word_1_127' title='bbox 1098 1982 1151 2015; x_wconf 89' lang='lat' dir='ltr'>se</span> <span class='ocrx_word' id='word_1_128' title='bbox 1194 1963 1550 2026; x_wconf 88' lang='lat' dir='ltr'>deliberasset,</span> <span class='ocrx_word' id='word_1_129' title='bbox 1588 1964 1645 2015; x_wconf 94' lang='lat' dir='ltr'>in</span> <span class='ocrx_word' id='word_1_130' title='bbox 1680 1983 1837 2032; x_wconf 89' lang='lat' dir='ltr'>quam</span> <span class='ocrx_word' id='word_1_131' title='bbox 1882 1982 1935 2014; x_wconf 92' lang='lat' dir='ltr'>se</span> 
     </span>
    </p>
   </div>
   <div class='ocr_carea' id='block_1_4' title="bbox 199 2046 2183 2116">
    <p class='ocr_par' dir='ltr' id='par_1_5' title="bbox 199 2046 2183 2116">
     <span class='ocr_line' id='line_1_21' title="bbox 199 2046 2183 2116; baseline -0.002 -19"><span class='ocrx_word' id='word_1_132' title='bbox 199 2054 404 2115; x_wconf 89' lang='lat' dir='ltr'>partem</span> <span class='ocrx_word' id='word_1_133' title='bbox 429 2047 646 2115; x_wconf 86' lang='lat' dir='ltr'>pronior</span> <span class='ocrx_word' id='word_1_134' title='bbox 679 2047 931 2097; x_wconf 91' lang='lat' dir='ltr'>inclinare</span> <span class='ocrx_word' id='word_1_135' title='bbox 957 2047 1133 2098; x_wconf 90' lang='lat' dir='ltr'>vellet.</span> <span class='ocrx_word' id='word_1_136' title='bbox 1199 2046 1289 2097; x_wconf 95' lang='lat' dir='ltr'>Ad</span> <span class='ocrx_word' id='word_1_137' title='bbox 1315 2047 1430 2115; x_wconf 89' lang='lat' dir='ltr'>ejus</span> <span class='ocrx_word' id='word_1_138' title='bbox 1463 2048 1756 2116; x_wconf 87' lang='lat' dir='ltr'>jussionem</span> <span class='ocrx_word' id='word_1_139' title='bbox 1789 2047 1935 2115; x_wconf 90' lang='lat' dir='ltr'>prior</span> <span class='ocrx_word' id='word_1_140' title='bbox 1958 2066 2031 2097; x_wconf 78' lang='lat' dir='ltr'>The</span> <span class='ocrx_word' id='word_1_141' title='bbox 2046 2067 2113 2095; x_wconf 82' lang='lat' dir='ltr'>two</span> <span class='ocrx_word' id='word_1_142' title='bbox 2129 2061 2183 2093; x_wconf 81' lang='lat' dir='ltr'>de-</span> 
     </span>
    </p>
   </div>
   <div class='ocr_carea' id='block_1_5' title="bbox 1984 2107 2207 2137">
    <p class='ocr_par' dir='ltr' id='par_1_6' title="bbox 1984 2107 2207 2137">
     <span class='ocr_line' id='line_1_22' title="bbox 1984 2107 2207 2137; baseline -0.018 0"><span class='ocrx_word' id='word_1_143' title='bbox 1984 2111 2071 2137; x_wconf 81' lang='lat' dir='ltr'>utles</span> <span class='ocrx_word' id='word_1_144' title='bbox 2090 2107 2207 2135; x_wconf 86' lang='lat' dir='ltr'>retum</span> 
     </span>
    </p>
   </div>
   <div class='ocr_carea' id='block_1_6' title="bbox 200 2118 2204 2194">
    <p class='ocr_par' dir='ltr' id='par_1_7' title="bbox 200 2118 2204 2194">
     <span class='ocr_line' id='line_1_23' title="bbox 200 2118 2204 2194; baseline -0.001 -11"><span class='ocrx_word' id='word_1_145' title='bbox 200 2139 256 2183; x_wconf 90' lang='lat' dir='ltr'>et</span> <span class='ocrx_word' id='word_1_146' title='bbox 280 2130 469 2181; x_wconf 86' lang='lat' dir='ltr'>fratres</span> <span class='ocrx_word' id='word_1_147' title='bbox 495 2131 561 2181; x_wconf 91' lang='lat' dir='ltr'>ad</span> <span class='ocrx_word' id='word_1_148' title='bbox 585 2131 963 2182; x_wconf 89' lang='lat' dir='ltr'>monasterium</span> <span class='ocrx_word' id='word_1_149' title='bbox 988 2131 1231 2194; x_wconf 89' lang='lat' dir='ltr'>redeunt,</span> <span class='ocrx_word' id='word_1_150' title='bbox 1269 2131 1603 2183; x_wconf 91' lang='lat' dir='ltr'>universitati</span> <span class='ocrx_word' id='word_1_151' title='bbox 1632 2131 1935 2183; x_wconf 89' lang='lat' dir='ltr'>monasterii</span> <span class='ocrx_word' id='word_1_152' title='bbox 1957 2118 1996 2181; x_wconf 60' lang='lat' dir='ltr'>i&#39;o</span> <span class='ocrx_word' id='word_1_153' title='bbox 2011 2147 2069 2178; x_wconf 78' lang='lat' dir='ltr'>the</span> <span class='ocrx_word' id='word_1_154' title='bbox 2084 2145 2204 2185; x_wconf 76' lang='lat' dir='ltr'>abbey.</span> 
     </span>
    </p>
   </div>
   <div class='ocr_carea' id='block_1_7' title="bbox 202 2214 1957 3633">
    <p class='ocr_par' dir='ltr' id='par_1_8' title="bbox 202 2214 1957 3633">
     <span class='ocr_line' id='line_1_24' title="bbox 205 2214 1937 2283; baseline 0 -18"><span class='ocrx_word' id='word_1_155' title='bbox 205 2231 327 2283; x_wconf 85' lang='lat' dir='ltr'>quae</span> <span class='ocrx_word' id='word_1_156' title='bbox 360 2222 509 2283; x_wconf 87' lang='lat' dir='ltr'>gesta</span> <span class='ocrx_word' id='word_1_157' title='bbox 538 2214 751 2266; x_wconf 87' lang='lat' dir='ltr'>fuerant</span> <span class='ocrx_word' id='word_1_158' title='bbox 782 2214 1051 2277; x_wconf 91' lang='lat' dir='ltr'>nuntiant,</span> <span class='ocrx_word' id='word_1_159' title='bbox 1087 2223 1141 2265; x_wconf 92' lang='lat' dir='ltr'>et</span> <span class='ocrx_word' id='word_1_160' title='bbox 1174 2232 1293 2266; x_wconf 92' lang='lat' dir='ltr'>cum</span> <span class='ocrx_word' id='word_1_161' title='bbox 1327 2234 1433 2266; x_wconf 94' lang='lat' dir='ltr'>non</span> <span class='ocrx_word' id='word_1_162' title='bbox 1468 2223 1530 2267; x_wconf 90' lang='lat' dir='ltr'>ut</span> <span class='ocrx_word' id='word_1_163' title='bbox 1568 2215 1669 2266; x_wconf 91' lang='lat' dir='ltr'>sibi</span> <span class='ocrx_word' id='word_1_164' title='bbox 1701 2215 1765 2266; x_wconf 93' lang='lat' dir='ltr'>de</span> <span class='ocrx_word' id='word_1_165' title='bbox 1802 2215 1937 2266; x_wconf 91' lang='lat' dir='ltr'>elec-</span> 
     </span>
     <span class='ocr_line' id='line_1_25' title="bbox 204 2297 1939 2367; baseline 0.001 -18"><span class='ocrx_word' id='word_1_166' title='bbox 204 2299 351 2350; x_wconf 90' lang='lat' dir='ltr'>tione</span> <span class='ocrx_word' id='word_1_167' title='bbox 377 2298 680 2367; x_wconf 91' lang='lat' dir='ltr'>injunctum</span> <span class='ocrx_word' id='word_1_168' title='bbox 709 2298 886 2349; x_wconf 81' lang='lat' dir='ltr'>fu&#39;erat</span> <span class='ocrx_word' id='word_1_169' title='bbox 918 2297 1159 2361; x_wconf 85' lang='lat' dir='ltr'>fecerint,</span> <span class='ocrx_word' id='word_1_170' title='bbox 1193 2317 1246 2349; x_wconf 95' lang='lat' dir='ltr'>se</span> <span class='ocrx_word' id='word_1_171' title='bbox 1286 2299 1349 2349; x_wconf 91' lang='lat' dir='ltr'>de</span> <span class='ocrx_word' id='word_1_172' title='bbox 1386 2299 1812 2367; x_wconf 91' lang='lat' dir='ltr'>impossibilitate</span> <span class='ocrx_word' id='word_1_173' title='bbox 1844 2318 1939 2350; x_wconf 90' lang='lat' dir='ltr'>ex-</span> 
     </span>
     <span class='ocr_line' id='line_1_26' title="bbox 203 2381 1940 2450; baseline -0.001 -16"><span class='ocrx_word' id='word_1_174' title='bbox 203 2391 409 2434; x_wconf 88' lang='lat' dir='ltr'>cusant.</span> <span class='ocrx_word' id='word_1_175' title='bbox 486 2381 643 2433; x_wconf 91' lang='lat' dir='ltr'>Nutu</span> <span class='ocrx_word' id='word_1_176' title='bbox 678 2382 856 2433; x_wconf 90' lang='lat' dir='ltr'>divino</span> <span class='ocrx_word' id='word_1_177' title='bbox 886 2382 1107 2444; x_wconf 84' lang='lat' dir='ltr'>cunctiS,</span> <span class='ocrx_word' id='word_1_178' title='bbox 1145 2398 1266 2449; x_wconf 86' lang='lat' dir='ltr'>quae</span> <span class='ocrx_word' id='word_1_179' title='bbox 1300 2400 1393 2450; x_wconf 92' lang='lat' dir='ltr'>per</span> <span class='ocrx_word' id='word_1_180' title='bbox 1426 2401 1513 2433; x_wconf 91' lang='lat' dir='ltr'>eos</span> <span class='ocrx_word' id='word_1_181' title='bbox 1543 2391 1692 2450; x_wconf 87' lang='lat' dir='ltr'>gesta</span> <span class='ocrx_word' id='word_1_182' title='bbox 1727 2382 1940 2433; x_wconf 91' lang='lat' dir='ltr'>nuntia-</span> 
     </span>
     <span class='ocr_line' id='line_1_27' title="bbox 202 2465 1941 2534; baseline -0.001 -17"><span class='ocrx_word' id='word_1_183' title='bbox 202 2468 417 2529; x_wconf 84' lang='lat' dir='ltr'>bantur,</span> <span class='ocrx_word' id='word_1_184' title='bbox 460 2474 714 2534; x_wconf 89' lang='lat' dir='ltr'>tanquam</span> <span class='ocrx_word' id='word_1_185' title='bbox 748 2484 779 2516; x_wconf 90' lang='lat' dir='ltr'>a</span> <span class='ocrx_word' id='word_1_186' title='bbox 806 2465 924 2516; x_wconf 91' lang='lat' dir='ltr'>Deo</span> <span class='ocrx_word' id='word_1_187' title='bbox 965 2465 1238 2527; x_wconf 83' lang='lat' dir='ltr'>ordinatiS,</span> <span class='ocrx_word' id='word_1_188' title='bbox 1278 2485 1406 2516; x_wconf 92' lang='lat' dir='ltr'>mox</span> <span class='ocrx_word' id='word_1_189' title='bbox 1441 2466 1685 2518; x_wconf 86' lang='lat' dir='ltr'>universa</span> <span class='ocrx_word' id='word_1_190' title='bbox 1725 2484 1941 2532; x_wconf 89' lang='lat' dir='ltr'>congre-</span> 
     </span>
     <span class='ocr_line' id='line_1_28' title="bbox 207 2549 1940 2617; baseline 0.001 -17"><span class='ocrx_word' id='word_1_191' title='bbox 207 2550 354 2617; x_wconf 87' lang='lat' dir='ltr'>gatio</span> <span class='ocrx_word' id='word_1_192' title='bbox 398 2567 709 2600; x_wconf 91' lang='lat' dir='ltr'>consensum</span> <span class='ocrx_word' id='word_1_193' title='bbox 758 2549 1009 2617; x_wconf 88' lang='lat' dir='ltr'>praebuit,</span> <span class='ocrx_word' id='word_1_194' title='bbox 1045 2550 1280 2617; x_wconf 90' lang='lat' dir='ltr'>gaudens</span> <span class='ocrx_word' id='word_1_195' title='bbox 1322 2550 1538 2617; x_wconf 91' lang='lat' dir='ltr'>quidem</span> <span class='ocrx_word' id='word_1_196' title='bbox 1579 2558 1632 2601; x_wconf 88' lang='lat' dir='ltr'>et</span> <span class='ocrx_word' id='word_1_197' title='bbox 1676 2550 1940 2611; x_wconf 86' lang='lat' dir='ltr'>exultanS,</span> 
     </span>
     <span class='ocr_line' id='line_1_29' title="bbox 208 2632 1944 2702; baseline -0.001 -18"><span class='ocrx_word' id='word_1_198' title='bbox 208 2652 267 2684; x_wconf 92' lang='lat' dir='ltr'>ac</span> <span class='ocrx_word' id='word_1_199' title='bbox 312 2651 458 2702; x_wconf 91' lang='lat' dir='ltr'>spem</span> <span class='ocrx_word' id='word_1_200' title='bbox 507 2632 788 2701; x_wconf 91' lang='lat' dir='ltr'>plurimam</span> <span class='ocrx_word' id='word_1_201' title='bbox 840 2633 1158 2701; x_wconf 88' lang='lat' dir='ltr'>concipiens,</span> <span class='ocrx_word' id='word_1_202' title='bbox 1205 2634 1350 2701; x_wconf 92' lang='lat' dir='ltr'>quod</span> <span class='ocrx_word' id='word_1_203' title='bbox 1392 2634 1533 2685; x_wconf 94' lang='lat' dir='ltr'>bono</span> <span class='ocrx_word' id='word_1_204' title='bbox 1581 2633 1755 2696; x_wconf 91' lang='lat' dir='ltr'>initio,</span> <span class='ocrx_word' id='word_1_205' title='bbox 1804 2635 1944 2684; x_wconf 91' lang='lat' dir='ltr'>bona</span> 
     </span>
     <span class='ocr_line' id='line_1_30' title="bbox 209 2723 1946 2775; baseline 0 -1"><span class='ocrx_word' id='word_1_206' title='bbox 209 2725 429 2775; x_wconf 90' lang='lat' dir='ltr'>deberet</span> <span class='ocrx_word' id='word_1_207' title='bbox 469 2724 746 2774; x_wconf 90' lang='lat' dir='ltr'>succedere</span> <span class='ocrx_word' id='word_1_208' title='bbox 789 2723 962 2774; x_wconf 90' lang='lat' dir='ltr'>finalis</span> <span class='ocrx_word' id='word_1_209' title='bbox 1003 2723 1286 2775; x_wconf 87' lang='lat' dir='ltr'>conclusio.</span> <span class='ocrx_word' id='word_1_210' title='bbox 1365 2724 1498 2775; x_wconf 90' lang='lat' dir='ltr'>Erat</span> <span class='ocrx_word' id='word_1_211' title='bbox 1537 2725 1773 2775; x_wconf 91' lang='lat' dir='ltr'>omnium</span> <span class='ocrx_word' id='word_1_212' title='bbox 1816 2743 1946 2775; x_wconf 93' lang='lat' dir='ltr'>una-</span> 
     </span>
     <span class='ocr_line' id='line_1_31' title="bbox 210 2808 1943 2878; baseline 0.001 -19"><span class='ocrx_word' id='word_1_213' title='bbox 210 2808 368 2860; x_wconf 89' lang='lat' dir='ltr'>nimis</span> <span class='ocrx_word' id='word_1_214' title='bbox 417 2809 700 2871; x_wconf 90' lang='lat' dir='ltr'>exultatio,</span> <span class='ocrx_word' id='word_1_215' title='bbox 751 2808 910 2859; x_wconf 91' lang='lat' dir='ltr'>talem</span> <span class='ocrx_word' id='word_1_216' title='bbox 960 2817 1276 2876; x_wconf 91' lang='lat' dir='ltr'>tantumque</span> <span class='ocrx_word' id='word_1_217' title='bbox 1336 2809 1438 2859; x_wconf 90' lang='lat' dir='ltr'>sibi</span> <span class='ocrx_word' id='word_1_218' title='bbox 1494 2810 1696 2878; x_wconf 90' lang='lat' dir='ltr'>praefici</span> <span class='ocrx_word' id='word_1_219' title='bbox 1754 2810 1943 2871; x_wconf 91' lang='lat' dir='ltr'>virum,</span> 
     </span>
     <span class='ocr_line' id='line_1_32' title="bbox 213 2892 1948 2962; baseline 0.001 -20"><span class='ocrx_word' id='word_1_220' title='bbox 213 2911 372 2960; x_wconf 92' lang='lat' dir='ltr'>quem</span> <span class='ocrx_word' id='word_1_221' title='bbox 415 2893 482 2944; x_wconf 91' lang='lat' dir='ltr'>ad</span> <span class='ocrx_word' id='word_1_222' title='bbox 515 2892 949 2944; x_wconf 91' lang='lat' dir='ltr'>consentiendum</span> <span class='ocrx_word' id='word_1_223' title='bbox 988 2892 1135 2943; x_wconf 91' lang='lat' dir='ltr'>nulla</span> <span class='ocrx_word' id='word_1_224' title='bbox 1174 2893 1538 2962; x_wconf 89' lang='lat' dir='ltr'>precipitasset</span> <span class='ocrx_word' id='word_1_225' title='bbox 1577 2894 1814 2956; x_wconf 90' lang='lat' dir='ltr'>ambitio,</span> <span class='ocrx_word' id='word_1_226' title='bbox 1857 2894 1948 2944; x_wconf 92' lang='lat' dir='ltr'>sed</span> 
     </span>
     <span class='ocr_line' id='line_1_33' title="bbox 213 2976 1947 3045; baseline -0.001 -17"><span class='ocrx_word' id='word_1_227' title='bbox 213 2995 373 3045; x_wconf 91' lang='lat' dir='ltr'>quem</span> <span class='ocrx_word' id='word_1_228' title='bbox 423 2976 672 3028; x_wconf 90' lang='lat' dir='ltr'>canonica</span> <span class='ocrx_word' id='word_1_229' title='bbox 720 2984 1044 3045; x_wconf 89' lang='lat' dir='ltr'>procreasset</span> <span class='ocrx_word' id='word_1_230' title='bbox 1095 2976 1302 3028; x_wconf 91' lang='lat' dir='ltr'>electio.</span> <span class='ocrx_word' id='word_1_231' title='bbox 1391 2976 1612 3041; x_wconf 89' lang='lat' dir='ltr'>Electus</span> <span class='ocrx_word' id='word_1_232' title='bbox 1662 2996 1785 3027; x_wconf 90' lang='lat' dir='ltr'>vero</span> <span class='ocrx_word' id='word_1_233' title='bbox 1834 2976 1947 3044; x_wconf 89' lang='lat' dir='ltr'>ipse</span> 
     </span>
     <span class='ocr_line' id='line_1_34' title="bbox 211 3060 1949 3128; baseline -0.001 -17"><span class='ocrx_word' id='word_1_234' title='bbox 211 3060 555 3111; x_wconf 87' lang='lat' dir='ltr'>-Cantuariam</span> <span class='ocrx_word' id='word_1_235' title='bbox 591 3061 826 3123; x_wconf 82' lang='lat' dir='ltr'>venienS,</span> <span class='ocrx_word' id='word_1_236' title='bbox 871 3078 991 3111; x_wconf 89' lang='lat' dir='ltr'>cum</span> <span class='ocrx_word' id='word_1_237' title='bbox 1031 3060 1247 3127; x_wconf 91' lang='lat' dir='ltr'>quidem</span> <span class='ocrx_word' id='word_1_238' title='bbox 1286 3078 1468 3110; x_wconf 91' lang='lat' dir='ltr'>eorum</span> <span class='ocrx_word' id='word_1_239' title='bbox 1508 3079 1630 3128; x_wconf 87' lang='lat' dir='ltr'>quae</span> <span class='ocrx_word' id='word_1_240' title='bbox 1663 3061 1798 3111; x_wconf 90' lang='lat' dir='ltr'>circa</span> <span class='ocrx_word' id='word_1_241' title='bbox 1828 3078 1949 3111; x_wconf 92' lang='lat' dir='ltr'>eum</span> 
     </span>
     <span class='ocr_line' id='line_1_35' title="bbox 215 3143 1951 3212; baseline 0 -18"><span class='ocrx_word' id='word_1_242' title='bbox 215 3153 364 3212; x_wconf 89' lang='lat' dir='ltr'>gesta</span> <span class='ocrx_word' id='word_1_243' title='bbox 402 3144 616 3194; x_wconf 87' lang='lat' dir='ltr'>:fuerant</span> <span class='ocrx_word' id='word_1_244' title='bbox 656 3143 795 3195; x_wconf 91' lang='lat' dir='ltr'>fama</span> <span class='ocrx_word' id='word_1_245' title='bbox 819 3144 1191 3212; x_wconf 87' lang='lat' dir='ltr'>praecessisset,</span> <span class='ocrx_word' id='word_1_246' title='bbox 1218 3144 1516 3194; x_wconf 90' lang='lat' dir='ltr'>universam</span> <span class='ocrx_word' id='word_1_247' title='bbox 1558 3144 1951 3195; x_wconf 87' lang='lat' dir='ltr'>Cantuariensis</span> 
     </span>
     <span class='ocr_line' id='line_1_36' title="bbox 214 3226 1954 3296; baseline 0 -18"><span class='ocrx_word' id='word_1_248' title='bbox 214 3227 450 3279; x_wconf 78' lang='lat' dir='ltr'>ecclesiae</span> <span class='ocrx_word' id='word_1_249' title='bbox 489 3227 949 3295; x_wconf 86' lang='lat' dir='ltr'>congregationem</span> <span class='ocrx_word' id='word_1_250' title='bbox 982 3226 1146 3277; x_wconf 90' lang='lat' dir='ltr'>nimio</span> <span class='ocrx_word' id='word_1_251' title='bbox 1186 3243 1407 3277; x_wconf 87' lang='lat' dir='ltr'>maerore</span> <span class='ocrx_word' id='word_1_252' title='bbox 1449 3246 1507 3278; x_wconf 92' lang='lat' dir='ltr'>ac</span> <span class='ocrx_word' id='word_1_253' title='bbox 1542 3228 1691 3278; x_wconf 91' lang='lat' dir='ltr'>luctu</span> <span class='ocrx_word' id='word_1_254' title='bbox 1718 3228 1954 3296; x_wconf 91' lang='lat' dir='ltr'>repperit</span> 
     </span>
     <span class='ocr_line' id='line_1_37' title="bbox 218 3309 1951 3379; baseline 0.001 -18"><span class='ocrx_word' id='word_1_255' title='bbox 218 3311 568 3373; x_wconf 91' lang='lat' dir='ltr'>deficientem,</span> <span class='ocrx_word' id='word_1_256' title='bbox 597 3318 807 3361; x_wconf 90' lang='lat' dir='ltr'>tantum</span> <span class='ocrx_word' id='word_1_257' title='bbox 831 3310 1003 3361; x_wconf 88' lang='lat' dir='ltr'>virum</span> <span class='ocrx_word' id='word_1_258' title='bbox 1030 3309 1131 3360; x_wconf 91' lang='lat' dir='ltr'>sibi</span> <span class='ocrx_word' id='word_1_259' title='bbox 1158 3310 1371 3372; x_wconf 89' lang='lat' dir='ltr'>auferri,</span> <span class='ocrx_word' id='word_1_260' title='bbox 1399 3310 1632 3379; x_wconf 90' lang='lat' dir='ltr'>aliasque</span> <span class='ocrx_word' id='word_1_261' title='bbox 1659 3311 1951 3374; x_wconf 87' lang='lat' dir='ltr'>transferri,</span> 
     </span>
     <span class='ocr_line' id='line_1_38' title="bbox 218 3392 1955 3464; baseline 0.001 -19"><span class='ocrx_word' id='word_1_262' title='bbox 218 3395 539 3445; x_wconf 91' lang='lat' dir='ltr'>unanimiter</span> <span class='ocrx_word' id='word_1_263' title='bbox 575 3394 952 3462; x_wconf 89' lang='lat' dir='ltr'>deplorantem.</span> <span class='ocrx_word' id='word_1_264' title='bbox 1032 3392 1432 3444; x_wconf 87' lang='lat' dir='ltr'>Communicare</span> <span class='ocrx_word' id='word_1_265' title='bbox 1475 3395 1641 3464; x_wconf 87' lang='lat' dir='ltr'>coepit</span> <span class='ocrx_word' id='word_1_266' title='bbox 1681 3413 1802 3446; x_wconf 91' lang='lat' dir='ltr'>cum</span> <span class='ocrx_word' id='word_1_267' title='bbox 1845 3415 1955 3447; x_wconf 92' lang='lat' dir='ltr'>om-</span> 
     </span>
     <span class='ocr_line' id='line_1_39' title="bbox 219 3477 1957 3540; baseline 0.002 -12"><span class='ocrx_word' id='word_1_268' title='bbox 219 3478 377 3529; x_wconf 92' lang='lat' dir='ltr'>nibus</span> <span class='ocrx_word' id='word_1_269' title='bbox 404 3477 701 3540; x_wconf 90' lang='lat' dir='ltr'>consilium,</span> <span class='ocrx_word' id='word_1_270' title='bbox 743 3478 975 3528; x_wconf 87' lang='lat' dir='ltr'>maxime</span> <span class='ocrx_word' id='word_1_271' title='bbox 1002 3485 1178 3527; x_wconf 90' lang='lat' dir='ltr'>tamen</span> <span class='ocrx_word' id='word_1_272' title='bbox 1219 3495 1338 3527; x_wconf 93' lang='lat' dir='ltr'>cum</span> <span class='ocrx_word' id='word_1_273' title='bbox 1362 3478 1613 3530; x_wconf 86' lang='lat' dir='ltr'>fratribus</span> <span class='ocrx_word' id='word_1_274' title='bbox 1638 3479 1957 3531; x_wconf 87' lang='lat' dir='ltr'>discretiori-</span> 
     </span>
     <span class='ocr_line' id='line_1_40' title="bbox 219 3560 1955 3633; baseline 0.002 -21"><span class='ocrx_word' id='word_1_275' title='bbox 219 3562 338 3626; x_wconf 88' lang='lat' dir='ltr'>bus,</span> <span class='ocrx_word' id='word_1_276' title='bbox 379 3561 587 3630; x_wconf 91' lang='lat' dir='ltr'>sibique</span> <span class='ocrx_word' id='word_1_277' title='bbox 631 3561 858 3630; x_wconf 88' lang='lat' dir='ltr'>amplius</span> <span class='ocrx_word' id='word_1_278' title='bbox 897 3560 1265 3623; x_wconf 79' lang='lat' dir='ltr'>familiaribus,</span> <span class='ocrx_word' id='word_1_279' title='bbox 1317 3561 1372 3612; x_wconf 92' lang='lat' dir='ltr'>in</span> <span class='ocrx_word' id='word_1_280' title='bbox 1420 3580 1579 3630; x_wconf 87' lang='lat' dir='ltr'>quam</span> <span class='ocrx_word' id='word_1_281' title='bbox 1630 3581 1684 3614; x_wconf 92' lang='lat' dir='ltr'>se</span> <span class='ocrx_word' id='word_1_282' title='bbox 1732 3572 1955 3633; x_wconf 87' lang='lat' dir='ltr'>partem,</span> 
     </span>
    </p>
   </div>
   <div class='ocr_carea' id='block_1_8' title="bbox 1972 2981 2194 3062">
    <p class='ocr_par' dir='ltr' id='par_1_9' title="bbox 1972 2981 2194 3062">
     <span class='ocr_line' id='line_1_41' title="bbox 1972 2981 2182 3014; baseline -0.01 -1"><span class='ocrx_word' id='word_1_283' title='bbox 1972 2982 2039 3014; x_wconf 80' lang='lat' dir='ltr'>and</span> <span class='ocrx_word' id='word_1_284' title='bbox 2055 2981 2130 3012; x_wconf 87' lang='lat' dir='ltr'>Odo</span> <span class='ocrx_word' id='word_1_285' title='bbox 2144 2981 2182 3012; x_wconf 82' lang='lat' dir='ltr'>to</span> 
     </span>
     <span class='ocr_line' id='line_1_42' title="bbox 1973 3023 2194 3062; baseline -0.014 -7"><span class='ocrx_word' id='word_1_286' title='bbox 1973 3023 2194 3062; x_wconf 83' lang='lat' dir='ltr'>Canterbury.</span> 
     </span>
    </p>
   </div>
  </div>
 </body>
</html>
