2398 4152
493 438 563 488 58
984 450 1267 491 HISTORIA
1311 449 1722 489 FUNDATIONIS

490 575 791 643 adquisitae,
820 592 1051 641 congrue
1078 582 1141 624 ut
1167 575 1382 624 deceret
1405 591 1513 624 non
1537 574 1981 637 recondebantur,
2014 575 2080 626 de
2107 593 2240 643 quo-

491 660 715 710 rundam
762 658 1197 727 philacteriorum
1247 657 1448 709 catenis
1498 658 1672 709 aureis
1719 659 1806 711 vel
1861 660 2127 727 argenteis
2173 675 2240 710 ne

495 744 725 811 quando,
743 751 807 793 ut
830 752 953 795 ante
978 743 1080 794 hoc
1106 743 1305 794 factum
1325 751 1422 806 est,
1451 743 1591 794 forte
1618 744 2055 805 distraherentur,
2075 751 2243 795 terras

495 846 667 878 emere
693 828 855 878 abbas
881 846 1002 878 cum
1027 827 1298 879 monachis
1323 828 1583 880 decrevit.'
1650 828 1778 882 Quo
1801 828 1959 890 facto,
1996 847 2063 879 ne
2099 846 2246 879 sanc-

495 920 673 963 torum
696 913 921 981 pignora
958 914 1140 965 debito
1179 922 1418 966 carerent
1460 914 1747 977 domicilio,
1777 914 2038 965 feretrum
2076 914 2246 982 quod-

495 997 616 1048 dam
653 1015 782 1048 auro
809 1006 1138 1066 argentoque
1177 1006 1232 1049 et
1270 997 1517 1068 pretiosis
1555 998 1777 1066 gemmis
1817 1016 1978 1067 opere
2020 997 2245 1049 mirifico

497 1080 842 1132 fabrifactum
862 1082 1115 1132 decenter
1139 1081 1282 1133 idem
1308 1082 1469 1133 abbas
1496 1090 1551 1133 et
1575 1080 1820 1133 monachi
1844 1082 1963 1133 fieri
1985 1082 2247 1133 fecerunt.

498 1167 625 1221 Quo
650 1166 907 1235 perfecto,
934 1166 1218 1217 adveniens
1233 1166 1361 1217 illuc
1380 1167 1671 1235 praedictus
1695 1166 2014 1218 venerabilis
2040 1165 2247 1217 Radul-

496 1252 582 1303 fus
610 1250 954 1302 Cicestrensis
975 1250 1255 1320 episcopus
1280 1251 1539 1302 feretrum
1563 1251 1866 1314 benedixit,
1894 1250 2164 1302 collocatis
2189 1250 2247 1300 in

495 1337 697 1387 eodem·
742 1335 1031 1386 honorifice
1093 1335 1286 1386 sanctis
1355 1343 1657 1386 sanctorum
1727 1335 1987 1403 reliquiis,
2051 1353 2246 1403 easque

494 1420 695 1471 ibidem
738 1419 1014 1470 annuatim
1038 1418 1438 1487 requirentibus
1466 1426 1671 1487 septem
1698 1418 1810 1469 dies
1835 1419 1900 1470 de
1925 1417 2250 1488 poenitentia

493 1503 735 1555 indulsit.
1836 1490 1838 1492 K

225 1595 300 1626 The
318 1593 473 1626 bounda-
569 1588 723 1638 Tunc
749 1586 1007 1655 temporis
1044 1586 1291 1655 plerique
1331 1586 1629 1638 vicinorum
1673 1586 1886 1654 leugam
1927 1588 2063 1638 circa
2087 1587 2253 1638 eccle-

226 1636 451 1718 sszsggfatsffir·
496 1673 626 1726 siam
676 1673 740 1723 de
791 1671 901 1722 suis
952 1671 1106 1722 terris
1150 1679 1332 1721 tenere
1385 1671 1633 1739 quaedam
1694 1672 1993 1739 conquesti,
2057 1672 2253 1740 saepius

227 1718 439 1841 ἓέἑξέἒὲὶ
495 1758 745 1809 abbatem
783 1764 839 1807 et
862 1755 1147 1807 monachos
1183 1755 1555 1807 calumniando
1596 1756 2014 1807 commovebant.
2091 1756 2251 1808 Unde

495 1843 700 1894 factum
727 1849 824 1903 est,
851 1848 916 1892 ut
938 1840 1100 1909 regiis
1125 1839 1222 1891 hac
1268 1838 1604 1907 querimonia
1646 1838 1796 1890 illata
1834 1840 2070 1904 auribus,
2111 1859 2253 1892 com-

496 1928 647 1978 muni
685 1925 906 1977 consilio
942 1924 1153 1992 leugam
1195 1923 1439 1975 funiculo
1482 1922 1663 1974 metiri
1707 1924 2046 1992 oportuisset.
2124 1923 2252 1978 Quo

497 2019 732 2080 peracto,
761 2009 996 2061 ecclesiae
1025 2009 1244 2076 quidem
1271 2010 1449 2059 omnia
1475 2025 1597 2075 quae
1637 2015 1794 2058 antea
1832 2008 2158 2077 possederat,
2198 2015 2255 2059 et

499 2097 746 2163 quaedam
771 2095 933 2146 etiam
959 2112 1031 2144 ex
1054 2093 1300 2162 pluribus
1318 2092 1562 2161 partibus
1586 2093 1760 2160 leugae
1786 2093 2030 2144 funiculo
2050 2093 2253 2144 dimen—

497 2180 658 2231 sionis
700 2179 904 2230 inclusa
946 2196 1166 2240 cessere,
1212 2177 1394 2245 sicque
1440 2177 1614 2245 sopita
1646 2177 1743 2228 hac
1781 2177 2132 2245 querimonia,
2174 2177 2252 2229 ita

499 2265 686 2315 eadem
711 2282 882 2331 usque
907 2262 1065 2313 hodie
1091 2262 1259 2313 libere
1284 2262 1522 2330 possidet
1547 2270 1602 2312 et
1630 2262 1852 2330 quiete.¹

231 2359 305 2390 The
323 2357 451 2399 praises
573 2348 710 2400 Cum
735 2348 901 2416 igitur
944 2346 1259 2398 omnimodis
1306 2347 1404 2398 sub
1449 2346 1741 2397 venerabili
1779 2347 1971 2398 abbate
2014 2347 2252 2400 Radulfo

231 2400 443 2481 (I'zfaffiiitffnd
499 2434 683 2485 eadem
710 2432 930 2483 ecclesia
967 2432 1193 2482 interius
1234 2431 1583 2500 exteriusque
1623 2441 1996 2495 succresceret,
2039 2441 2094 2484 et
2128 2453 2253 2503 pro-

229 2483 476 2557 ΐξίἔῖλοῖιξδᾱῑᾱ·
500 2526 802 2587 speraretur
850 2516 1196 2578 utilitatibus,
1248 2516 1385 2567 nulli
1436 2524 1500 2567 ut
1536 2517 1935 2585 praelibavimus
1972 2519 2251 2587 religione,

504 2602 848 2670 caritatisque
889 2601 1186 2652 exibitione
1228 2600 1480 2668 gratuita,
1509 2610 1707 2669 praeter
1733 2610 1950 2653 caeteras
1988 2603 2252 2655 virtutum

499 2688 668 2749 dotes,
693 2687 990 2737 habebatur
1017 2686 1263 2737 secunda.
1338 2685 1545 2737 Verum
1570 2686 1712 2737 idem
1751 2688 1914 2738 abbas
1939 2688 2255 2740 venerabilis

501 2773 687 2823 domus
733 2770 840 2821 Dei
884 2770 1178 2820 delectatus
1228 2770 1415 2820 decore
1474 2770 1750 2821 ecclesiam
1804 2772 1973 2839 ipsam
2029 2773 2253 2843 plumbo

500 2857 749 2908 decenter
774 2854 998 2923 operire,
1029 2855 1172 2922 quod
1196 2853 1470 2904 residuum
1508 2862 1622 2904 erat
1663 2874 1939 2907 murorum
1982 2858 2038 2908 in
2077 2858 2254 2925 girum

501 2948 823 3002 construere,
852 2939 1014 2990 curiae
1056 2938 1287 3006 spatium
1328 2939 1567 3000 dilatare,
1595 2940 1747 2990 novis
1774 2942 1999 2993 eandem
2036 2941 2254 2994 fabricis

500 3033 798 3093 augustare,
845 3024 1140 3091 domusque
1192 3030 1390 3073 statum
1433 3023 1910 3075 consuetudinibus
1949 3027 2252 3096 praecipuiS,

498 3109 763 3178 variisque
809 3108 1132 3160 ornamentis
1175 3125 1297 3175 quae
1347 3107 1414 3157 ad
1469 3107 1723 3158 honorem
1769 3107 1875 3158 Dei
1913 3109 2098 3161 haberi
2144 3119 2258 3162 erat
2365 3112 2398 3170 3}

499 3213 729 3257 necesse,
757 3193 974 3245 omnino
998 3212 1095 3261 per
1120 3211 1174 3244 se
1200 3210 1430 3259 suosque
1458 3192 1667 3242 studuit
1700 3192 2073 3261 multipliciter
2097 3213 2254 3246 exor-

500 3298 641 3329 nare.
721 3279 992 3329 Praeterea
1014 3277 1098 3328 his
1126 3293 1248 3346 quae
1274 3276 1404 3327 foris
1430 3284 1556 3327 sunt
1581 3278 1712 3328 adeo
1751 3277 2051 3344 invigilans,
2092 3297 2253 3346 quam

501 3362 757 3414 sollicitus
792 3362 1088 3412 animarum
1112 3362 1478 3430 procuraverit
1503 3361 1747 3424 salutem,
1778 3360 1962 3430 lingua
1997 3363 2080 3414 vel
2116 3363 2253 3415 cala-

500 3467 586 3499 mo
627 3449 1022 3509 succumbente,
1065 3448 1250 3517 paucis
1294 3448 1482 3499 saltem
1522 3464 1929 3498 commemorare
1972 3465 2253 3499 onerosum

796 3616 809 3641 ¹
841 3615 920 3657 See
944 3615 988 3657 N
993 3614 1218 3657 cwcome’s
1235 3614 1415 3671 History
1436 3613 1483 3656 of
1500 3613 1561 3657 St.
1581 3612 1776 3669 Alban's,
1795 3628 1836 3670 p.
1861 3615 1958 3656 208.
