2398 4152
659 476 1022 520 MONASTERII
1066 476 1145 517 DE
1187 475 1393 516 BELLO.
1815 463 1882 512 13

230 602 330 655 VI.
370 601 630 653 Willelmi
657 601 1004 664 corduanarii,
1041 600 1129 651 vii.
1160 599 1399 650 denarios
1425 605 1478 648 et
1502 615 1676 665 opera.

230 685 362 738 VII.
402 685 664 736 AEduardi
692 684 927 746 Gotcild,
965 684 1054 735 vii.
1083 682 1321 734 denarios
1348 690 1402 732 et
1427 698 1599 749 opera.

230 767 395 834 VIII.
437 767 654 818 Radulfi
681 767 873 835 Ducgi,
912 767 1001 819 vii.
1031 766 1287 818 denarios.

230 851 339 903 IX.
382 851 649 902 Gileberti
676 851 917 913 textoriS,
957 850 1045 901 vii.
1072 849 1310 900 denarios
1337 856 1391 898 et
1417 866 1589 916 opera.

162 987 167 991 ,
234 934 310 985 Χ.
349 933 575 1002 Deringi
602 933 797 996 Pionii‚
837 933 926 984 vii.
956 932 1194 983 denarios
1220 939 1275 981 et
1300 948 1474 1001 opera.

232 1017 340 1068 XI.
382 1016 654 1085 Legardae,
693 1016 782 1068 vii.
812 1016 1053 1066 denarios
1079 1022 1134 1065 et
1159 1032 1331 1082 opera.

233 1100 373 1151 XII.
413 1100 645 1151 AElfuim‘
673 1099 893 1161 Trewae,
931 1098 1020 1149 vii.
1049 1097 1289 1148 denarios
1316 1104 1370 1146 et
1395 1113 1568 1164 opera.

234 1183 405 1234 XIII.
448 1183 705 1246 Godieve,
744 1182 833 1233 vii.
863 1181 1101 1233 denarios
1128 1189 1182 1231 et
1208 1198 1379 1248 opera.

233 1266 436 1317 XIIII.
479 1265 722 1317 Goduini
746 1266 844 1317 filii
872 1264 1141 1327 Colsuein,
1179 1264 1248 1315 vi.
1278 1262 1518 1314 denarios
1544 1269 1599 1312 et
1625 1280 1798 1330 opera.

234 1349 364 1401 XV.
407 1348 647 1400 Goduim'
674 1348 802 1412 coci,
841 1347 910 1400 vi.
940 1347 1180 1398 denarios
1207 1355 1261 1398 et
1286 1364 1459 1415 opera.

235 1431 397 1484 XVI.
439 1432 696 1483 AEdvardi
720 1431 1036 1501 purgatoris,
1075 1431 1163 1482 vii.
1193 1430 1431 1481 denarios
1458 1437 1512 1480 et
1538 1447 1711 1497 opera.

237 1514 431 1567 XVII.
472 1514 724 1566 Rotberti
754 1513 1141 1576 molendinarii,
1179 1514 1268 1565 vii.
1298 1513 1538 1564 denarios
1564 1519 1620 1563 et
1644 1529 1818 1580 opera.

238 1598 464 1650 XVIII.
506 1598 758 1649 Rotberti
786 1599 850 1649 de
877 1597 1116 1661 Havena,
1155 1597 1244 1648 vii.
1273 1596 1512 1648 denarios
1538 1604 1592 1647 et
1618 1613 1790 1663 opera.

239 1682 410 1733 XIX.
453 1681 605 1732 Selaf
622 1681 841 1744 bovarii,
880 1680 969 1732 vii.
999 1680 1238 1731 denarios
1264 1689 1318 1731 et
1343 1698 1515 1748 opera.

238 1764 377 1815 XX.
418 1763 686 1814 Wulurici
711 1763 983 1826 aurifabri,
1021 1763 1109 1814 vii.
1139 1763 1376 1813 denarios
1402 1772 1456 1814 et
1481 1780 1655 1831 opera.

238 1847 408 1900 XXI.
450 1847 711 1898 Willelmi
739 1847 910 1909 Pinel,
949 1846 1036 1897 vii.
1064 1846 1305 1897 denarios
1331 1854 1385 1896 et
1410 1864 1584 1914 opera.

241 1931 444 1983 XXII.
485 1930 758 1981 Lamberti
783 1931 993 1992 sutoris,
1032 1930 1121 1981 vii.
1151 1928 1390 1980 denarios
1413 1937 1468 1979 et
1493 1947 1667 1997 opera.

240 2014 475 2066 XXIII.
518 2013 726 2064 Ordrici
751 2013 994 2081 porcarii,
1034 2012 1121 2063 vii.
1151 2012 1390 2063 denarios
1415 2020 1470 2063 et
1494 2030 1669 2080 opera.

241 2095 503 2151 XXIIII.
547 2096 776 2163 Sevugel
804 2096 1026 2159 Cochec,
1066 2114 1113 2147 v.
1142 2095 1381 2146 denarios
1419 2097 1485 2147 ad
1509 2095 1706 2146 festum
1732 2093 1898 2145 sancti

173 2182 452 2234 Michaelis
479 2189 534 2232 et
559 2199 750 2249 opera3
792 2179 987 2231 XXV.
1010 2187 1063 2230 et
1086 2198 1134 2230 v.
1164 2179 1402 2230 denarios
1427 2179 1492 2230 ad
1512 2178 1710 2230 festum
1731 2177 1900 2229 sancti

175 2266 414 2328 Thomae,
452 2265 516 2315 de
543 2264 645 2315 alia
668 2281 913 2314 mansura
932 2264 1096 2332 juxta
1121 2280 1193 2326 se,
1222 2270 1276 2312 et
1300 2281 1474 2331 opera.

243 2348 470 2402 XXVI.
510 2347 766 2398 Mansura
807 2346 1079 2409 Blacheni,
1121 2345 1360 2408 bubulci,
1410 2345 1498 2396 vii.
1546 2345 1787 2397 denarios
1850 2353 1904 2396 et

176 2451 350 2502 opera.

246 2514 504 2568 XXVII.
544 2515 807 2566 Willelmi
835 2514 986 2576 Grei,
1025 2514 1115 2564 vii.
1146 2514 1386 2564 denarios
1413 2521 1467 2564 et
1493 2531 1665 2581 opera.

247 2599 540 2652 XXVIII.
581 2598 835 2650 Rotberti
859 2598 957 2648 filii
986 2596 1156 2660 Siflet,
1195 2597 1284 2648 vii.
1315 2597 1554 2647 denarios
1581 2605 1635 2647 et
1659 2614 1833 2664 opera.

248 2682 482 2733 XXIX.
525 2681 757 2733 Sewardi
785 2681 929 2743 Gris,
968 2681 1036 2732 vi.
1067 2680 1305 2731 denarios
1332 2689 1385 2731 et
1410 2699 1585 2748 opera.

248 2765 451 2816 XXX.
491 2765 719 2816 AElurici
746 2765 1135 2833 dispensatoris,
1174 2764 1263 2816 vii.
1293 2764 1533 2815 denarios
1558 2771 1614 2813 et
1638 2781 1812 2831 opera.

250 2849 484 2900 XXXI.
524 2848 799 2899 Wulfuini
826 2847 985 2911 Hert,
1014 2866 1134 2899 cum
1160 2855 1300 2898 terra
1324 2848 1461 2898 circa
1485 2865 1802 2909 mansuram,
1829 2845 1906 2897 xi.

180 2933 419 2983 denarios
447 2940 501 2983 et
526 2950 698 3000 opera.

251 3014 520 3068 XXXII.
562 3013 856 3066 XXXIII.
896 3015 1067 3065 Juxta
1091 3014 1363 3065 ecclesiam
1397 3022 1591 3064 sanctae
1618 3013 1808 3064 Mariae
1847 3013 1911 3063 de

180 3099 469 3168 parrochia,
525 3117 555 3149 a
593 3106 742 3167 parte
787 3098 1099 3150 occidentali
1150 3107 1231 3149 est
1281 3115 1526 3148 mansura
1566 3097 1727 3147 Lefui
1772 3096 1911 3157 Nuc,

183 3199 304 3251 quae
331 3182 632 3251 supradicto
667 3182 912 3244 termino,
941 3181 1106 3233 sancti
1142 3181 1342 3232 scilicet
1368 3179 1668 3242 Michaelis,
1707 3180 1796 3231 vii.
1825 3179 1915 3229 de-

182 3267 355 3317 narios
380 3265 634 3334 persolvit
661 3274 716 3316 et
741 3284 913 3333 opera.

256 3346 583 3401 XXXIIII.
626 3348 756 3398 Post
788 3348 934 3398 illam
961 3358 1041 3399 est
1075 3366 1319 3398 mansura
1358 3346 1624 3397 Gileberti
1678 3345 1917 3396 extranei

188 3448 308 3500 quae
332 3451 453 3484 cum
478 3440 617 3483 terra
643 3431 743 3482 sibi
768 3431 1069 3499 pertinente
1096 3431 1263 3482 libera
1288 3438 1368 3481 est
1393 3438 1446 3480 et
1472 3429 1670 3496 quieta,
1695 3437 1920 3497 excepta

187 3515 390 3566 decima
431 3524 587 3567 terrae
630 3530 741 3565 suae
788 3533 944 3581 quam
980 3514 1171 3575 reddit,
1213 3522 1267 3564 et
1310 3514 1517 3565 duobus
1561 3513 1786 3564 servitiis
1824 3530 1921 3581 per

191 3617 403 3662 annum,
428 3617 535 3650 uno
555 3598 872 3659 Cantuariae,
900 3598 1003 3649 alio
1031 3597 1346 3648 Lundoniae.
