2398 4152
446 397 549 447 188
1166 404 1494 446 APPENDIX.

443 532 824 593 monasterium
868 539 1046 609 ipsum
1079 514 1380 608 ‘multiplici
1418 537 1669 589 libertate
1711 537 1968 588 donatum
2006 543 2207 606 propo—

446 633 611 685 nebat
649 632 752 684 sibi
778 651 890 684 esse
917 632 1239 701 subjectum,
1268 631 1484 682 deinum
1509 629 1567 681 in
1605 628 1875 699 presentia
1899 628 2054 680 clarae
2072 630 2074 632 ’
2092 646 2203 680 me-

446 717 632 769 moriae
665 716 740 769 H.
778 716 947 785 Regis
973 715 1192 784 Angliae
1223 723 1280 767 et
1306 715 1371 767 T.
1401 712 1557 766 Cant.
1588 712 1975 782 archiepiscopi
2001 719 2204 765 metro-

445 801 673 871 politani
711 801 795 852 sui
832 800 1140 870 apostolicae
1178 800 1317 852 sedis
1354 798 1521 868 legati
1555 805 1610 849 et
1643 797 1869 849 aliorum
1906 797 2202 849 multorum

447 886 653 938 dictum
702 884 1088 937 monasterium
1136 885 1202 936 ab
1255 883 1401 936 omni
1444 873 1821 951 jurisdictione
1872 899 1978 948 sua,
2017 889 2074 932 et
2115 881 2201 933 ec-

447 971 623 1023 clesiae
657 969 931 1023 Cicestriae
965 969 1081 1021 fore
1118 969 1350 1022 liberum
1382 965 1708 1037 recognovit,
1748 973 1803 1018 et
1836 965 1982 1035 quod
2017 964 2101 1017 ibi
2130 983 2207 1017 ex

446 1055 629 1108 debito
663 1054 925 1125 hospitari
949 1073 1068 1118 ,non
1102 1059 1315 1124 poterat
1353 1052 1435 1105 vel
1464 1052 1752 1122 quicquam
1783 1050 2084 1120 disponere,
2108 1056 2205 1102 aut

445 1159 694 1192 exercere
747 1139 1086 1210 episcopalia,
1142 1137 1408 1190 celebrare
1471 1136 1699 1199 ordineS,
1754 1153 1850 1187 seu
1898 1133 2203 1186 cathedram

447 1225 704 1277 collocare
743 1226 848 1277 nisi
885 1225 950 1276 de
986 1223 1196 1276 abbatis
1235 1231 1292 1275 et
1336 1228 1630 1274 conventus
1672 1220 1841 1290 ipsius
1888 1218 2199 1286 monasterii

446 1311 758 1381 procederet
789 1310 1096 1374 voluntate3
1124 1310 1279 1379 cujus
1311 1306 1734 1376 recognitionem
1750 1305 2197 1374 metropolitanus

446 1395 876 1464 archiepiscopus
946 1394 1266 1446 auctoritate
1331 1391 1624 1462 apostolica
1690 1398 1744 1442 et
1806 1387 2198 1460 metropolitica

449 1479 846 1550 comprobavit3
875 1478 992 1531 Nos
1018 1477 1606 1547 ergo—confirmamus.

1278 1623 1383 1677 VI.

449 1750 871 1817 Cofflrmationes
916 1749 1198 1802 Heobaldi
1234 1747 1631 1817 Archiepiscopi
1687 1746 1987 1799 Cantuarioe
2045 1763 2202 1815 super

516 1836 842 1887 immunitate
890 1853 924 1886 a
972 1835 1280 1904 subjectione
1317 1834 1575 1902 Episcopi
1627 1831 1904 1884 cicestriae.
1924 1831 2200 1900 —Reqis-

518 1927 654 1971 trum
679 1921 742 1973 de
766 1919 939 1983 Bello,
965 1939 1020 1989 p.
1052 1920 1177 1972 155.

519 2044 862 2098 Theobaldus
889 2044 996 2096 Dei
1021 2044 1195 2114 gratia
1218 2043 1666 2113 archiepiscopuS,
1696 2043 1795 2096 &c.

516 2129 727 2182 Notum
769 2129 907 2181 facio
947 2130 1093 2198 quod
1131 2147 1307 2181 coram
1347 2128 1563 2180 domino
1613 2136 1795 2180 nostro
1832 2127 1907 2180 H.
1944 2146 2067 2197 rege
2111 2146 2197 2179 me

443 2220 691 2285 presente
726 2221 781 2265 et
805 2213 1204 2283 archiepiscopo
1229 2212 1397 2264 Ebor.
1427 2213 1646 2281 Rogero
1682 2222 1738 2264 et
1772 2211 1890 2264 aliis
1917 2211 2201 2282 quamplu-
2262 2250 2264 2252 ψ
2338 2229 2355 2262 ,³
2395 2242 2397 2245 .

443 2299 594 2352 rimis
620 2298 946 2368 coepiscopis
973 2309 1029 2350 et
1053 2297 1357 2362 abbatibus,
1386 2307 1440 2349 et
1465 2297 1655 2366 populi
1679 2296 2029 2349 multitudine
2056 2295 2200 2366 apud

448 2383 844 2446 Colecestriam,
873 2383 1136 2435 discordia
1163 2399 1285 2452 quae
1312 2391 1426 2434 erat
1449 2382 1591 2433 inter
1614 2381 1974 2433 venerabilem
2007 2380 2200 2450 Hylla-

444 2470 586 2522 rium
630 2468 924 2538 Cycestriae
976 2468 1305 2537 episcopum,
1359 2475 1414 2519 et
1469 2466 1775 2519 Walterum
1827 2466 2074 2518 abbatem
2133 2466 2199 2517 de

447 2555 603 2607 Bello
642 2555 708 2606 de
748 2552 1102 2621 dignitatibus
1142 2561 1197 2603 et
1227 2551 1569 2603 libertatibus
1609 2551 1950 2603 ecclesiarum
1982 2569 2200 2602 suarum

445 2642 511 2692 ad
537 2639 681 2709 pacis
708 2638 1043 2691 concordiam
1068 2638 1328 2707 perducta
1352 2636 1439 2699 sit,
1473 2645 1529 2687 et
1551 2636 1652 2688 hoc
1677 2637 1852 2688 modo·
1893 2636 2198 2706 Episcopus

449 2724 723 2778 Cicestriae
746 2722 1007 2792 Hylarius
1046 2730 1311 2774 cartarum
1333 2721 1650 2773 auctoritate
1678 2721 1915 2773 ecclesiae
1937 2722 2002 2772 de
2023 2721 2198 2784 Bello,

445 2810 713 2878 simulque
747 2807 955 2859 ratione
987 2815 1227 2876 cogente,
1255 2807 1411 2859 nobis
1445 2806 1693 2858 omnibus
1725 2805 2087 2869 audientibUS,
2117 2822 2201 2856 ec-

447 2895 660 2948 clesiam
685 2894 750 2945 de
785 2892 956 2955 Bello,
985 2900 1041 2943 et
1066 2892 1336 2944 abbatiam
1368 2910 1488 2943 cum
1513 2891 1672 2963 leuga
1697 2890 2105 2960 circumjacente
2131 2890 2198 2942 ab

447 2979 593 3032 omni
618 2977 952 3047 subjectione
991 2985 1046 3028 et
1072 2976 1352 3028 exactione
1382 2974 1728 3027 Cicestrensis
1766 2975 2108 3027 ecclesiarum
2145 2984 2202 3028 et

448 3063 704 3134 Episcopi
741 3062 978 3132 quietam
1008 3060 1355 3131 proclamavit
1381 3068 1436 3111 et
1459 3060 1700 3123 liberam,
1740 3077 1916 3127 neque
1941 3060 2201 3130 hospitari

450 3149 603 3220 quasi
640 3167 711 3199 ex
749 3146 1136 3198 consuetudine
1173 3146 1229 3196 in
1263 3145 1447 3197 eadem
1485 3144 1699 3197 abbatia
1733 3143 1818 3195 vel
1857 3144 1915 3194 in
1951 3145 2202 3198 maneriis

447 3235 621 3287 eidem
667 3231 904 3284 ecclesiae
954 3230 1369 3300 pertinentibUS,
1418 3248 1516 3281 nec
1569 3230 1857 3298 quicquam
1899 3228 2197 3298 disponere,

447 3320 533 3372 vel
571 3317 832 3388 quaelibet
870 3316 947 3367 ibi
990 3315 1244 3386 prosequi
1281 3314 1619 3383 episcopalia,
1658 3331 1836 3382 neque
1875 3311 2076 3363 ibidem
2119 3332 2202 3365 or-

448 3404 597 3456 dines
636 3402 831 3464 facere,
872 3419 971 3451 nec
1021 3400 1325 3451 cathedram
1367 3398 1641 3461 collocare,
1686 3405 1883 3467 praeter
1928 3396 2201 3450 licentiam
2245 3464 2253 3473 ,
2334 3415 2338 3422 ⁴

450 3488 657 3542 abbatis
695 3494 749 3537 et
783 3484 1184 3547 monachorum,
1230 3503 1284 3535 se
1324 3502 1478 3553 posse
1515 3483 1598 3535 vel
1636 3483 1830 3534 debere
1871 3489 2200 3534 contestatus

450 3582 545 3625 est.
625 3571 788 3625 Quod
816 3569 1261 3639 ego—confirmo·
