<?xml version="1.0" encoding="UTF-8"?>
<!DOCTYPE html PUBLIC "-//W3C//DTD XHTML 1.0 Transitional//EN"
    "http://www.w3.org/TR/xhtml1/DTD/xhtml1-transitional.dtd">
<html xmlns="http://www.w3.org/1999/xhtml" xml:lang="en" lang="en">
 <head>
  <title>
</title>
<meta http-equiv="Content-Type" content="text/html;charset=utf-8" />
  <meta name='ocr-system' content='tesseract 3.04.00' />
  <meta name='ocr-capabilities' content='ocr_page ocr_carea ocr_par ocr_line ocrx_word'/>
</head>
<body>
  <div class='ocr_page' id='page_1' title='image "./chroniconmonaste00battuoft_0224.png"; bbox 0 0 2398 4152; ppageno 0'>
   <div class='ocr_carea' id='block_1_1' title="bbox 511 405 1543 461">
    <p class='ocr_par' dir='ltr' id='par_1_1' title="bbox 511 405 1543 461">
     <span class='ocr_line' id='line_1_1' title="bbox 511 405 1543 461; baseline 0.005 -7"><span class='ocrx_word' id='word_1_1' title='bbox 511 405 612 456; x_wconf 83' lang='lat'>182</span> <span class='ocrx_word' id='word_1_2' title='bbox 1108 421 1112 424; x_wconf 63' lang='grc'><em>’</em></span> <span class='ocrx_word' id='word_1_3' title='bbox 1214 419 1543 461; x_wconf 85' lang='lat' dir='ltr'>APPENDIX.</span> 
     </span>
    </p>
   </div>
   <div class='ocr_carea' id='block_1_2' title="bbox 481 538 2258 3074">
    <p class='ocr_par' dir='ltr' id='par_1_2' title="bbox 491 538 2258 1975">
     <span class='ocr_line' id='line_1_2' title="bbox 504 538 2258 616; baseline 0.004 -27"><span class='ocrx_word' id='word_1_4' title='bbox 504 538 650 591; x_wconf 88' lang='lat' dir='ltr'>illius</span> <span class='ocrx_word' id='word_1_5' title='bbox 677 539 892 591; x_wconf 86' lang='lat' dir='ltr'>diocaesi</span> <span class='ocrx_word' id='word_1_6' title='bbox 918 539 1005 603; x_wconf 89' lang='lat' dir='ltr'>sit,</span> <span class='ocrx_word' id='word_1_7' title='bbox 1044 540 1101 591; x_wconf 93' lang='lat' dir='ltr'>in</span> <span class='ocrx_word' id='word_1_8' title='bbox 1127 541 1364 607; x_wconf 88' lang='lat' dir='ltr'>ecclesia,</span> <span class='ocrx_word' id='word_1_9' title='bbox 1388 543 1472 595; x_wconf 89' lang='lat' dir='ltr'>vel</span> <span class='ocrx_word' id='word_1_10' title='bbox 1497 543 1555 595; x_wconf 93' lang='lat' dir='ltr'>in</span> <span class='ocrx_word' id='word_1_11' title='bbox 1580 545 1830 597; x_wconf 83' lang='lat' dir='ltr'>maneriis</span> <span class='ocrx_word' id='word_1_12' title='bbox 1856 546 1923 597; x_wconf 90' lang='lat' dir='ltr'>ad</span> <span class='ocrx_word' id='word_1_13' title='bbox 1948 564 2066 598; x_wconf 91' lang='lat' dir='ltr'>eam</span> <span class='ocrx_word' id='word_1_14' title='bbox 2091 545 2258 616; x_wconf 90' lang='lat' dir='ltr'>perti-</span> 
     </span>
     <span class='ocr_line' id='line_1_3' title="bbox 503 624 2257 697; baseline 0.004 -22"><span class='ocrx_word' id='word_1_15' title='bbox 503 624 756 676; x_wconf 91' lang='lat' dir='ltr'>nentibus</span> <span class='ocrx_word' id='word_1_16' title='bbox 783 644 854 676; x_wconf 88' lang='lat' dir='ltr'>ex</span> <span class='ocrx_word' id='word_1_17' title='bbox 879 626 1269 678; x_wconf 90' lang='lat' dir='ltr'>consuetudine</span> <span class='ocrx_word' id='word_1_18' title='bbox 1302 627 1564 697; x_wconf 85' lang='lat' dir='ltr'>hospitari</span> <span class='ocrx_word' id='word_1_19' title='bbox 1599 637 1784 681; x_wconf 90' lang='lat' dir='ltr'>contra</span> <span class='ocrx_word' id='word_1_20' title='bbox 1806 630 2140 682; x_wconf 81' lang='lat' dir='ltr'>voluntatem</span> <span class='ocrx_word' id='word_1_21' title='bbox 2163 630 2257 681; x_wconf 86' lang='lat' dir='ltr'>ab·</span> 
     </span>
     <span class='ocr_line' id='line_1_4' title="bbox 502 709 2256 780; baseline 0.004 -20"><span class='ocrx_word' id='word_1_22' title='bbox 502 709 671 772; x_wconf 84' lang='lat' dir='ltr'>batis3</span> <span class='ocrx_word' id='word_1_23' title='bbox 717 728 816 762; x_wconf 90' lang='lat' dir='ltr'>nec</span> <span class='ocrx_word' id='word_1_24' title='bbox 851 710 1213 762; x_wconf 70' lang='lat' dir='ltr'><strong>ordinationes</strong></span> <span class='ocrx_word' id='word_1_25' title='bbox 1240 711 1446 780; x_wconf 90' lang='lat' dir='ltr'>aliquas</span> <span class='ocrx_word' id='word_1_26' title='bbox 1485 712 1686 765; x_wconf 86' lang='lat' dir='ltr'>ibidem</span> <span class='ocrx_word' id='word_1_27' title='bbox 1720 714 1915 779; x_wconf 85' lang='lat' dir='ltr'>facere,</span> <span class='ocrx_word' id='word_1_28' title='bbox 1963 733 2061 767; x_wconf 92' lang='lat' dir='ltr'>nec</span> <span class='ocrx_word' id='word_1_29' title='bbox 2093 715 2256 766; x_wconf 88' lang='lat' dir='ltr'>abba-</span> 
     </span>
     <span class='ocr_line' id='line_1_5' title="bbox 504 793 2255 868; baseline 0.002 -22"><span class='ocrx_word' id='word_1_30' title='bbox 504 793 634 846; x_wconf 85' lang='lat' dir='ltr'>tiam</span> <span class='ocrx_word' id='word_1_31' title='bbox 670 794 728 845; x_wconf 92' lang='lat' dir='ltr'>in</span> <span class='ocrx_word' id='word_1_32' title='bbox 756 795 939 864; x_wconf 90' lang='lat' dir='ltr'>aliquo</span> <span class='ocrx_word' id='word_1_33' title='bbox 968 813 1203 863; x_wconf 86' lang='lat' dir='ltr'>gravare.</span> <span class='ocrx_word' id='word_1_34' title='bbox 1281 795 1390 848; x_wconf 85' lang='lat' dir='ltr'>Sed</span> <span class='ocrx_word' id='word_1_35' title='bbox 1424 815 1602 865; x_wconf 86' lang='lat' dir='ltr'>neque</span> <span class='ocrx_word' id='word_1_36' title='bbox 1641 816 1803 868; x_wconf 88' lang='lat' dir='ltr'>super</span> <span class='ocrx_word' id='word_1_37' title='bbox 1825 799 1989 863; x_wconf 88' lang='lat' dir='ltr'>illam,</span> <span class='ocrx_word' id='word_1_38' title='bbox 2017 793 2255 852; x_wconf 82' lang='lat' dir='ltr'>domina-</span> 
     </span>
     <span class='ocr_line' id='line_1_6' title="bbox 503 879 2255 950; baseline 0.003 -20"><span class='ocrx_word' id='word_1_39' title='bbox 503 879 707 931; x_wconf 91' lang='lat' dir='ltr'>tionem</span> <span class='ocrx_word' id='word_1_40' title='bbox 731 880 967 950; x_wconf 84' lang='lat' dir='ltr'>aliquam</span> <span class='ocrx_word' id='word_1_41' title='bbox 993 887 1089 931; x_wconf 90' lang='lat' dir='ltr'>aut</span> <span class='ocrx_word' id='word_1_42' title='bbox 1112 880 1222 931; x_wconf 88' lang='lat' dir='ltr'>vim</span> <span class='ocrx_word' id='word_1_43' title='bbox 1245 880 1332 933; x_wconf 91' lang='lat' dir='ltr'>vel</span> <span class='ocrx_word' id='word_1_44' title='bbox 1354 881 1679 950; x_wconf 88' lang='lat' dir='ltr'>potestatem</span> <span class='ocrx_word' id='word_1_45' title='bbox 1705 891 1974 947; x_wconf 85' lang='lat' dir='ltr'>exerceat,</span> <span class='ocrx_word' id='word_1_46' title='bbox 1997 883 2091 935; x_wconf 90' lang='lat' dir='ltr'>sed</span> <span class='ocrx_word' id='word_1_47' title='bbox 2114 883 2255 936; x_wconf 90' lang='lat' dir='ltr'>sicut</span> 
     </span>
     <span class='ocr_line' id='line_1_7' title="bbox 501 966 2254 1040; baseline 0.003 -23"><span class='ocrx_word' id='word_1_48' title='bbox 501 985 620 1018; x_wconf 83' lang='lat' dir='ltr'>mea</span> <span class='ocrx_word' id='word_1_49' title='bbox 661 967 928 1019; x_wconf 88' lang='lat' dir='ltr'>dominica</span> <span class='ocrx_word' id='word_1_50' title='bbox 965 966 1184 1035; x_wconf 89' lang='lat' dir='ltr'>capella,</span> <span class='ocrx_word' id='word_1_51' title='bbox 1241 967 1413 1019; x_wconf 91' lang='lat' dir='ltr'>libera</span> <span class='ocrx_word' id='word_1_52' title='bbox 1452 968 1521 1019; x_wconf 89' lang='lat' dir='ltr'>sit</span> <span class='ocrx_word' id='word_1_53' title='bbox 1561 969 1777 1021; x_wconf 90' lang='lat' dir='ltr'>omnino</span> <span class='ocrx_word' id='word_1_54' title='bbox 1821 971 1888 1022; x_wconf 91' lang='lat' dir='ltr'>ab</span> <span class='ocrx_word' id='word_1_55' title='bbox 1933 970 2079 1022; x_wconf 86' lang='lat' dir='ltr'>omni</span> <span class='ocrx_word' id='word_1_56' title='bbox 2136 971 2254 1040; x_wconf 90' lang='lat' dir='ltr'>ejus</span> 
     </span>
     <span class='ocr_line' id='line_1_8' title="bbox 501 1051 2254 1120; baseline 0.002 -17"><span class='ocrx_word' id='word_1_57' title='bbox 501 1052 799 1104; x_wconf 82' lang='lat' dir='ltr'>exactione.</span> <span class='ocrx_word' id='word_1_58' title='bbox 878 1051 969 1120; x_wconf 87' lang='lat' dir='ltr'>Ad</span> <span class='ocrx_word' id='word_1_59' title='bbox 1006 1052 1268 1120; x_wconf 85' lang='lat' dir='ltr'>synodum</span> <span class='ocrx_word' id='word_1_60' title='bbox 1294 1071 1420 1104; x_wconf 85' lang='lat' dir='ltr'>vero</span> <span class='ocrx_word' id='word_1_61' title='bbox 1444 1053 1607 1104; x_wconf 90' lang='lat' dir='ltr'>abbas</span> <span class='ocrx_word' id='word_1_62' title='bbox 1646 1053 1724 1105; x_wconf 93' lang='lat' dir='ltr'>ire</span> <span class='ocrx_word' id='word_1_63' title='bbox 1776 1073 1884 1106; x_wconf 92' lang='lat' dir='ltr'>non</span> <span class='ocrx_word' id='word_1_64' title='bbox 1922 1073 2254 1107; x_wconf 90' lang='lat' dir='ltr'>summonea—</span> 
     </span>
     <span class='ocr_line' id='line_1_9' title="bbox 500 1136 2253 1209; baseline 0.002 -21"><span class='ocrx_word' id='word_1_65' title='bbox 500 1146 590 1189; x_wconf 93' lang='lat' dir='ltr'>tur</span> <span class='ocrx_word' id='word_1_66' title='bbox 627 1157 725 1189; x_wconf 92' lang='lat' dir='ltr'>nec</span> <span class='ocrx_word' id='word_1_67' title='bbox 769 1136 1139 1207; x_wconf 88' lang='lat' dir='ltr'>compellatur,</span> <span class='ocrx_word' id='word_1_68' title='bbox 1189 1136 1293 1188; x_wconf 92' lang='lat' dir='ltr'>nisi</span> <span class='ocrx_word' id='word_1_69' title='bbox 1341 1137 1558 1206; x_wconf 87' lang='lat' dir='ltr'>propria</span> <span class='ocrx_word' id='word_1_70' title='bbox 1606 1138 1882 1191; x_wconf 88' lang='lat' dir='ltr'>voluntate</span> <span class='ocrx_word' id='word_1_71' title='bbox 1926 1158 2024 1209; x_wconf 90' lang='lat' dir='ltr'>pro</span> <span class='ocrx_word' id='word_1_72' title='bbox 2069 1138 2253 1209; x_wconf 88' lang='lat' dir='ltr'>aliquo</span> 
     </span>
     <span class='ocr_line' id='line_1_10' title="bbox 497 1223 2254 1295; baseline 0.001 -20"><span class='ocrx_word' id='word_1_73' title='bbox 497 1224 716 1292; x_wconf 84' lang='lat' dir='ltr'>negotio</span> <span class='ocrx_word' id='word_1_74' title='bbox 741 1223 819 1275; x_wconf 87' lang='lat' dir='ltr'>ire</span> <span class='ocrx_word' id='word_1_75' title='bbox 843 1223 1092 1276; x_wconf 81' lang='lat' dir='ltr'>voluerit.</span> <span class='ocrx_word' id='word_1_76' title='bbox 1169 1223 1287 1275; x_wconf 87' lang='lat' dir='ltr'>Nec</span> <span class='ocrx_word' id='word_1_77' title='bbox 1312 1223 1598 1276; x_wconf 90' lang='lat' dir='ltr'>monachos</span> <span class='ocrx_word' id='word_1_78' title='bbox 1624 1243 1765 1288; x_wconf 84' lang='lat' dir='ltr'>suOS,</span> <span class='ocrx_word' id='word_1_79' title='bbox 1805 1225 1903 1277; x_wconf 90' lang='lat' dir='ltr'>ubi</span> <span class='ocrx_word' id='word_1_80' title='bbox 1932 1225 2036 1277; x_wconf 90' lang='lat' dir='ltr'>sibi</span> <span class='ocrx_word' id='word_1_81' title='bbox 2061 1244 2254 1295; x_wconf 90' lang='lat' dir='ltr'>oppor-</span> 
     </span>
     <span class='ocr_line' id='line_1_11' title="bbox 498 1307 2254 1380; baseline 0.001 -20"><span class='ocrx_word' id='word_1_82' title='bbox 498 1308 683 1360; x_wconf 91' lang='lat' dir='ltr'>tunius</span> <span class='ocrx_word' id='word_1_83' title='bbox 716 1309 927 1372; x_wconf 87' lang='lat' dir='ltr'>viderit,</span> <span class='ocrx_word' id='word_1_84' title='bbox 969 1308 1037 1360; x_wconf 94' lang='lat' dir='ltr'>ad</span> <span class='ocrx_word' id='word_1_85' title='bbox 1079 1326 1252 1359; x_wconf 89' lang='lat' dir='ltr'>sacros</span> <span class='ocrx_word' id='word_1_86' title='bbox 1277 1307 1488 1359; x_wconf 84' lang='lat' dir='ltr'>ordines</span> <span class='ocrx_word' id='word_1_87' title='bbox 1521 1309 1822 1377; x_wconf 89' lang='lat' dir='ltr'>promoveri</span> <span class='ocrx_word' id='word_1_88' title='bbox 1855 1309 2030 1362; x_wconf 88' lang='lat' dir='ltr'>facere</span> <span class='ocrx_word' id='word_1_89' title='bbox 2070 1310 2254 1380; x_wconf 91' lang='lat' dir='ltr'>prohi-</span> 
     </span>
     <span class='ocr_line' id='line_1_12' title="bbox 495 1391 2253 1458; baseline 0.001 -12"><span class='ocrx_word' id='word_1_90' title='bbox 495 1395 704 1446; x_wconf 81' lang='lat' dir='ltr'>beatur.</span> <span class='ocrx_word' id='word_1_91' title='bbox 796 1392 914 1444; x_wconf 89' lang='lat' dir='ltr'>Nec</span> <span class='ocrx_word' id='word_1_92' title='bbox 964 1392 1213 1446; x_wconf 89' lang='lat' dir='ltr'>altarium</span> <span class='ocrx_word' id='word_1_93' title='bbox 1281 1391 1619 1457; x_wconf 78' lang='lat' dir='ltr'>sacrationes,</span> <span class='ocrx_word' id='word_1_94' title='bbox 1670 1393 2116 1458; x_wconf 79' lang='lat' dir='ltr'>confirmationeS,</span> <span class='ocrx_word' id='word_1_95' title='bbox 2167 1394 2253 1447; x_wconf 88' lang='lat' dir='ltr'>vel</span> 
     </span>
     <span class='ocr_line' id='line_1_13' title="bbox 498 1476 2251 1549; baseline 0.001 -19"><span class='ocrx_word' id='word_1_96' title='bbox 498 1478 765 1549; x_wconf 91' lang='lat' dir='ltr'>quaslibet</span> <span class='ocrx_word' id='word_1_97' title='bbox 821 1477 1147 1547; x_wconf 86' lang='lat' dir='ltr'>episcopales</span> <span class='ocrx_word' id='word_1_98' title='bbox 1195 1476 1617 1540; x_wconf 80' lang='lat' dir='ltr'>benedictioneS,</span> <span class='ocrx_word' id='word_1_99' title='bbox 1670 1479 1880 1530; x_wconf 88' lang='lat' dir='ltr'>abbatis</span> <span class='ocrx_word' id='word_1_100' title='bbox 1928 1478 2014 1530; x_wconf 86' lang='lat' dir='ltr'>vel</span> <span class='ocrx_word' id='word_1_101' title='bbox 2067 1497 2251 1531; x_wconf 92' lang='lat' dir='ltr'>mona-</span> 
     </span>
     <span class='ocr_line' id='line_1_14' title="bbox 495 1560 2249 1632; baseline 0.001 -16"><span class='ocrx_word' id='word_1_102' title='bbox 495 1565 716 1616; x_wconf 89' lang='lat' dir='ltr'>chorum</span> <span class='ocrx_word' id='word_1_103' title='bbox 740 1561 1093 1632; x_wconf 88' lang='lat' dir='ltr'>requisitione</span> <span class='ocrx_word' id='word_1_104' title='bbox 1113 1579 1145 1612; x_wconf 87' lang='lat' dir='ltr'>a</span> <span class='ocrx_word' id='word_1_105' title='bbox 1165 1561 1412 1630; x_wconf 86' lang='lat' dir='ltr'>quolibet</span> <span class='ocrx_word' id='word_1_106' title='bbox 1427 1560 1678 1632; x_wconf 85' lang='lat' dir='ltr'>episcopo</span> <span class='ocrx_word' id='word_1_107' title='bbox 1704 1562 1907 1615; x_wconf 88' lang='lat' dir='ltr'>ibidem</span> <span class='ocrx_word' id='word_1_108' title='bbox 1928 1563 2096 1616; x_wconf 91' lang='lat' dir='ltr'>libere</span> <span class='ocrx_word' id='word_1_109' title='bbox 2111 1564 2249 1630; x_wconf 86' lang='lat' dir='ltr'>fieri,</span> 
     </span>
     <span class='ocr_line' id='line_1_15' title="bbox 493 1645 2252 1717; baseline 0 -15"><span class='ocrx_word' id='word_1_110' title='bbox 493 1651 559 1702; x_wconf 92' lang='lat' dir='ltr'>ab</span> <span class='ocrx_word' id='word_1_111' title='bbox 590 1649 774 1717; x_wconf 90' lang='lat' dir='ltr'>aliquo</span> <span class='ocrx_word' id='word_1_112' title='bbox 814 1646 1225 1700; x_wconf 86' lang='lat' dir='ltr'>contradicatur.</span> <span class='ocrx_word' id='word_1_113' title='bbox 1303 1645 1426 1697; x_wconf 91' lang='lat' dir='ltr'>Hoc</span> <span class='ocrx_word' id='word_1_114' title='bbox 1462 1646 1624 1698; x_wconf 90' lang='lat' dir='ltr'>etiam</span> <span class='ocrx_word' id='word_1_115' title='bbox 1661 1647 1826 1716; x_wconf 88' lang='lat' dir='ltr'>regali</span> <span class='ocrx_word' id='word_1_116' title='bbox 1851 1649 2169 1702; x_wconf 88' lang='lat' dir='ltr'>auctoritate</span> <span class='ocrx_word' id='word_1_117' title='bbox 2196 1658 2252 1703; x_wconf 92' lang='lat' dir='ltr'>et</span> 
     </span>
     <span class='ocr_line' id='line_1_16' title="bbox 493 1733 2247 1805; baseline 0 -18"><span class='ocrx_word' id='word_1_118' title='bbox 493 1735 863 1805; x_wconf 89' lang='lat' dir='ltr'>episcoporum</span> <span class='ocrx_word' id='word_1_119' title='bbox 902 1751 961 1784; x_wconf 92' lang='lat' dir='ltr'>ac</span> <span class='ocrx_word' id='word_1_120' title='bbox 1003 1733 1264 1784; x_wconf 87' lang='lat' dir='ltr'>baronum</span> <span class='ocrx_word' id='word_1_121' title='bbox 1305 1749 1550 1783; x_wconf 84' lang='lat' dir='ltr'>meorum</span> <span class='ocrx_word' id='word_1_122' title='bbox 1589 1733 1935 1786; x_wconf 88' lang='lat' dir='ltr'>attestatione</span> <span class='ocrx_word' id='word_1_123' title='bbox 1976 1735 2247 1787; x_wconf 87' lang='lat' dir='ltr'>constituo</span> 
     </span>
     <span class='ocr_line' id='line_1_17' title="bbox 492 1816 2250 1889; baseline 0 -17"><span class='ocrx_word' id='word_1_124' title='bbox 492 1828 760 1888; x_wconf 89' lang='lat' dir='ltr'>quatenus</span> <span class='ocrx_word' id='word_1_125' title='bbox 809 1818 972 1869; x_wconf 87' lang='lat' dir='ltr'>abbas</span> <span class='ocrx_word' id='word_1_126' title='bbox 1023 1816 1264 1868; x_wconf 86' lang='lat' dir='ltr'>ecclesiae</span> <span class='ocrx_word' id='word_1_127' title='bbox 1313 1834 1427 1868; x_wconf 91' lang='lat' dir='ltr'>suae</span> <span class='ocrx_word' id='word_1_128' title='bbox 1492 1824 1548 1868; x_wconf 92' lang='lat' dir='ltr'>et</span> <span class='ocrx_word' id='word_1_129' title='bbox 1595 1817 1770 1887; x_wconf 84' lang='lat' dir='ltr'>leugae</span> <span class='ocrx_word' id='word_1_130' title='bbox 1819 1818 2250 1889; x_wconf 86' lang='lat' dir='ltr'>circumjacentis</span> 
     </span>
     <span class='ocr_line' id='line_1_18' title="bbox 491 1901 1463 1975; baseline -0.005 -18"><span class='ocrx_word' id='word_1_131' title='bbox 491 1924 588 1975; x_wconf 90' lang='lat' dir='ltr'>per</span> <span class='ocrx_word' id='word_1_132' title='bbox 614 1903 792 1956; x_wconf 89' lang='lat' dir='ltr'>omnia</span> <span class='ocrx_word' id='word_1_133' title='bbox 810 1903 990 1973; x_wconf 87' lang='lat' dir='ltr'>judex</span> <span class='ocrx_word' id='word_1_134' title='bbox 1017 1901 1088 1953; x_wconf 92' lang='lat' dir='ltr'>sit</span> <span class='ocrx_word' id='word_1_135' title='bbox 1114 1909 1171 1952; x_wconf 94' lang='lat' dir='ltr'>et</span> <span class='ocrx_word' id='word_1_136' title='bbox 1196 1901 1463 1953; x_wconf 91' lang='lat' dir='ltr'>dominus.</span> 
     </span>
    </p>

    <p class='ocr_par' dir='ltr' id='par_1_3' title="bbox 484 1986 2252 2230">
     <span class='ocr_line' id='line_1_19' title="bbox 563 1986 2252 2057; baseline -0.001 -16"><span class='ocrx_word' id='word_1_137' title='bbox 563 1990 838 2041; x_wconf 88' lang='lat' dir='ltr'>Defuncto</span> <span class='ocrx_word' id='word_1_138' title='bbox 864 1988 1058 2039; x_wconf 87' lang='lat' dir='ltr'>abbate</span> <span class='ocrx_word' id='word_1_139' title='bbox 1097 1987 1162 2038; x_wconf 93' lang='lat' dir='ltr'>de</span> <span class='ocrx_word' id='word_1_140' title='bbox 1201 1987 1386 2038; x_wconf 89' lang='lat' dir='ltr'>eadem</span> <span class='ocrx_word' id='word_1_141' title='bbox 1419 1986 1642 2039; x_wconf 90' lang='lat' dir='ltr'>ecclesia</span> <span class='ocrx_word' id='word_1_142' title='bbox 1669 1987 1833 2040; x_wconf 91' lang='lat' dir='ltr'>abbas</span> <span class='ocrx_word' id='word_1_143' title='bbox 1868 1987 2116 2057; x_wconf 87' lang='lat' dir='ltr'>eligatur,</span> <span class='ocrx_word' id='word_1_144' title='bbox 2147 1989 2252 2042; x_wconf 92' lang='lat' dir='ltr'>nisi</span> 
     </span>
     <span class='ocr_line' id='line_1_20' title="bbox 484 2070 2250 2143; baseline 0.001 -17"><span class='ocrx_word' id='word_1_145' title='bbox 484 2075 628 2127; x_wconf 90' lang='lat' dir='ltr'>forte</span> <span class='ocrx_word' id='word_1_146' title='bbox 672 2074 840 2142; x_wconf 89' lang='lat' dir='ltr'>(quod</span> <span class='ocrx_word' id='word_1_147' title='bbox 889 2071 1051 2140; x_wconf 90' lang='lat' dir='ltr'>absit)</span> <span class='ocrx_word' id='word_1_148' title='bbox 1102 2071 1304 2123; x_wconf 91' lang='lat' dir='ltr'>ibidem</span> <span class='ocrx_word' id='word_1_149' title='bbox 1353 2070 1545 2123; x_wconf 87' lang='lat' dir='ltr'>idonea</span> <span class='ocrx_word' id='word_1_150' title='bbox 1593 2090 1821 2141; x_wconf 88' lang='lat' dir='ltr'>persona</span> <span class='ocrx_word' id='word_1_151' title='bbox 1868 2072 2094 2143; x_wconf 88' lang='lat' dir='ltr'>reperiri</span> <span class='ocrx_word' id='word_1_152' title='bbox 2140 2092 2250 2127; x_wconf 90' lang='lat' dir='ltr'>non</span> 
     </span>
     <span class='ocr_line' id='line_1_21' title="bbox 485 2159 672 2230; baseline 0.005 -19"><span class='ocrx_word' id='word_1_153' title='bbox 485 2159 672 2230; x_wconf 88' lang='lat' dir='ltr'>possit.</span> 
     </span>
    </p>

    <p class='ocr_par' dir='ltr' id='par_1_4' title="bbox 483 2241 2245 2654">
     <span class='ocr_line' id='line_1_22' title="bbox 562 2241 2244 2310; baseline -0.001 -14"><span class='ocrx_word' id='word_1_154' title='bbox 562 2245 720 2296; x_wconf 88' lang='lat' dir='ltr'>Hanc</span> <span class='ocrx_word' id='word_1_155' title='bbox 745 2241 1185 2295; x_wconf 90' lang='lat' dir='ltr'>constitutionem</span> <span class='ocrx_word' id='word_1_156' title='bbox 1210 2259 1384 2292; x_wconf 90' lang='lat' dir='ltr'>meam</span> <span class='ocrx_word' id='word_1_157' title='bbox 1409 2241 1484 2292; x_wconf 92' lang='lat' dir='ltr'>sic</span> <span class='ocrx_word' id='word_1_158' title='bbox 1510 2249 1635 2294; x_wconf 89' lang='lat' dir='ltr'>voto</span> <span class='ocrx_word' id='word_1_159' title='bbox 1658 2249 1713 2293; x_wconf 92' lang='lat' dir='ltr'>et</span> <span class='ocrx_word' id='word_1_160' title='bbox 1736 2241 1904 2310; x_wconf 87' lang='lat' dir='ltr'>regali</span> <span class='ocrx_word' id='word_1_161' title='bbox 1923 2242 2244 2296; x_wconf 86' lang='lat' dir='ltr'>auctoritate</span> 
     </span>
     <span class='ocr_line' id='line_1_23' title="bbox 487 2326 2245 2383; baseline -0.002 0"><span class='ocrx_word' id='word_1_162' title='bbox 487 2331 850 2383; x_wconf 89' lang='lat' dir='ltr'>confirmatam</span> <span class='ocrx_word' id='word_1_163' title='bbox 890 2326 1074 2378; x_wconf 91' lang='lat' dir='ltr'>nullus</span> <span class='ocrx_word' id='word_1_164' title='bbox 1115 2343 1479 2378; x_wconf 90' lang='lat' dir='ltr'>successorum</span> <span class='ocrx_word' id='word_1_165' title='bbox 1517 2344 1760 2378; x_wconf 92' lang='lat' dir='ltr'>meorum</span> <span class='ocrx_word' id='word_1_166' title='bbox 1783 2326 1983 2378; x_wconf 89' lang='lat' dir='ltr'>violare</span> <span class='ocrx_word' id='word_1_167' title='bbox 2020 2327 2104 2379; x_wconf 89' lang='lat' dir='ltr'>vel</span> <span class='ocrx_word' id='word_1_168' title='bbox 2146 2327 2245 2380; x_wconf 90' lang='lat' dir='ltr'>im-</span> 
     </span>
     <span class='ocr_line' id='line_1_24' title="bbox 484 2410 2244 2484; baseline -0.001 -16"><span class='ocrx_word' id='word_1_169' title='bbox 484 2418 724 2468; x_wconf 90' lang='lat' dir='ltr'>minuere</span> <span class='ocrx_word' id='word_1_170' title='bbox 740 2420 1050 2484; x_wconf 87' lang='lat' dir='ltr'>praesumat.</span> <span class='ocrx_word' id='word_1_171' title='bbox 1105 2411 1454 2480; x_wconf 80' lang='lat' dir='ltr'>Quicumque</span> <span class='ocrx_word' id='word_1_172' title='bbox 1476 2410 1645 2479; x_wconf 86' lang='lat' dir='ltr'>igitur</span> <span class='ocrx_word' id='word_1_173' title='bbox 1662 2420 1846 2463; x_wconf 88' lang='lat' dir='ltr'>contra</span> <span class='ocrx_word' id='word_1_174' title='bbox 1864 2412 2144 2465; x_wconf 87' lang='lat' dir='ltr'>libertates</span> <span class='ocrx_word' id='word_1_175' title='bbox 2159 2414 2244 2466; x_wconf 88' lang='lat' dir='ltr'>vel</span> 
     </span>
     <span class='ocr_line' id='line_1_25' title="bbox 483 2496 2241 2571; baseline -0.002 -17"><span class='ocrx_word' id='word_1_176' title='bbox 483 2502 770 2571; x_wconf 87' lang='lat' dir='ltr'>dignitates</span> <span class='ocrx_word' id='word_1_177' title='bbox 811 2499 1051 2569; x_wconf 88' lang='lat' dir='ltr'>ejusdem</span> <span class='ocrx_word' id='word_1_178' title='bbox 1110 2496 1350 2548; x_wconf 87' lang='lat' dir='ltr'>ecclesiae</span> <span class='ocrx_word' id='word_1_179' title='bbox 1404 2496 1612 2559; x_wconf 89' lang='lat' dir='ltr'>fecerit,</span> <span class='ocrx_word' id='word_1_180' title='bbox 1657 2496 2017 2548; x_wconf 86' lang='lat' dir='ltr'>forisfacturae</span> <span class='ocrx_word' id='word_1_181' title='bbox 2075 2498 2241 2568; x_wconf 86' lang='lat' dir='ltr'>regiae</span> 
     </span>
     <span class='ocr_line' id='line_1_26' title="bbox 483 2585 1010 2654; baseline -0.011 -14"><span class='ocrx_word' id='word_1_182' title='bbox 483 2604 694 2640; x_wconf 85' lang='lat' dir='ltr'>coronae</span> <span class='ocrx_word' id='word_1_183' title='bbox 720 2585 1010 2654; x_wconf 88' lang='lat' dir='ltr'>subjaceat.</span> 
     </span>
    </p>

    <p class='ocr_par' dir='ltr' id='par_1_5' title="bbox 481 2664 2241 3074">
     <span class='ocr_line' id='line_1_27' title="bbox 557 2664 2241 2742; baseline -0.002 -18"><span class='ocrx_word' id='word_1_184' title='bbox 557 2673 742 2742; x_wconf 87' lang='lat' dir='ltr'>Hujus</span> <span class='ocrx_word' id='word_1_185' title='bbox 776 2670 856 2721; x_wconf 89' lang='lat' dir='ltr'>rei</span> <span class='ocrx_word' id='word_1_186' title='bbox 898 2675 1063 2720; x_wconf 89' lang='lat' dir='ltr'>testes</span> <span class='ocrx_word' id='word_1_187' title='bbox 1104 2673 1231 2718; x_wconf 91' lang='lat' dir='ltr'>sunt</span> <span class='ocrx_word' id='word_1_188' title='bbox 1266 2664 1599 2717; x_wconf 86' lang='lat' dir='ltr'>Lanfrancus</span> <span class='ocrx_word' id='word_1_189' title='bbox 1642 2665 2075 2737; x_wconf 89' lang='lat' dir='ltr'>archiepiscopus</span> <span class='ocrx_word' id='word_1_190' title='bbox 2103 2667 2241 2722; x_wconf 89' lang='lat' dir='ltr'>Can—</span> 
     </span>
     <span class='ocr_line' id='line_1_28' title="bbox 485 2749 2241 2820; baseline -0.002 -11"><span class='ocrx_word' id='word_1_191' title='bbox 485 2756 786 2818; x_wconf 90' lang='lat' dir='ltr'>tuariensis,</span> <span class='ocrx_word' id='word_1_192' title='bbox 835 2752 1128 2820; x_wconf 82' lang='lat' dir='ltr'>Stigandus</span> <span class='ocrx_word' id='word_1_193' title='bbox 1169 2749 1517 2802; x_wconf 88' lang='lat' dir='ltr'>Cicestrensis</span> <span class='ocrx_word' id='word_1_194' title='bbox 1558 2750 1857 2820; x_wconf 85' lang='lat' dir='ltr'>episcopus,</span> <span class='ocrx_word' id='word_1_195' title='bbox 1897 2751 2241 2806; x_wconf 90' lang='lat' dir='ltr'>Walkelinus</span> 
     </span>
     <span class='ocr_line' id='line_1_29' title="bbox 482 2834 2236 2911; baseline -0.003 -17"><span class='ocrx_word' id='word_1_196' title='bbox 482 2843 764 2911; x_wconf 90' lang='lat' dir='ltr'>episcopus</span> <span class='ocrx_word' id='word_1_197' title='bbox 801 2837 1069 2898; x_wconf 87' lang='lat' dir='ltr'>Winton.,</span> <span class='ocrx_word' id='word_1_198' title='bbox 1113 2834 1433 2886; x_wconf 91' lang='lat' dir='ltr'>Wulstanus</span> <span class='ocrx_word' id='word_1_199' title='bbox 1471 2834 1742 2903; x_wconf 86' lang='lat' dir='ltr'>Wigorn.¹</span> <span class='ocrx_word' id='word_1_200' title='bbox 1780 2835 2092 2906; x_wconf 85' lang='lat' dir='ltr'>episcopus3</span> <span class='ocrx_word' id='word_1_201' title='bbox 2140 2839 2236 2907; x_wconf 90' lang='lat' dir='ltr'>qui</span> 
     </span>
     <span class='ocr_line' id='line_1_30' title="bbox 482 2918 2237 2992; baseline -0.003 -12"><span class='ocrx_word' id='word_1_202' title='bbox 482 2946 681 2990; x_wconf 91' lang='lat' dir='ltr'>omnes,</span> <span class='ocrx_word' id='word_1_203' title='bbox 732 2943 818 2975; x_wconf 90' lang='lat' dir='ltr'>me</span> <span class='ocrx_word' id='word_1_204' title='bbox 866 2927 1133 2992; x_wconf 79' lang='lat' dir='ltr'>praesente</span> <span class='ocrx_word' id='word_1_205' title='bbox 1180 2927 1236 2970; x_wconf 91' lang='lat' dir='ltr'>et</span> <span class='ocrx_word' id='word_1_206' title='bbox 1285 2918 1556 2982; x_wconf 88' lang='lat' dir='ltr'>audiente,</span> <span class='ocrx_word' id='word_1_207' title='bbox 1608 2919 1798 2971; x_wconf 91' lang='lat' dir='ltr'>horum</span> <span class='ocrx_word' id='word_1_208' title='bbox 1840 2930 2237 2991; x_wconf 81' lang='lat' dir='ltr'>praeceptorum</span> 
     </span>
     <span class='ocr_line' id='line_1_31' title="bbox 481 3003 2238 3074; baseline -0.003 -9"><span class='ocrx_word' id='word_1_209' title='bbox 481 3030 722 3065; x_wconf 89' lang='lat' dir='ltr'>meorum</span> <span class='ocrx_word' id='word_1_210' title='bbox 773 3017 828 3060; x_wconf 89' lang='lat' dir='ltr'>et</span> <span class='ocrx_word' id='word_1_211' title='bbox 877 3005 1323 3059; x_wconf 87' lang='lat' dir='ltr'>constitutionum</span> <span class='ocrx_word' id='word_1_212' title='bbox 1369 3003 1653 3055; x_wconf 88' lang='lat' dir='ltr'>violatores</span> <span class='ocrx_word' id='word_1_213' title='bbox 1702 3013 1969 3074; x_wconf 89' lang='lat' dir='ltr'>perpetuo</span> <span class='ocrx_word' id='word_1_214' title='bbox 2017 3008 2238 3060; x_wconf 89' lang='lat' dir='ltr'>anathe-</span> 
     </span>
    </p>
   </div>
   <div class='ocr_carea' id='block_1_3' title="bbox 480 3097 1123 3251">
    <p class='ocr_par' dir='ltr' id='par_1_6' title="bbox 480 3097 1123 3251">
     <span class='ocr_line' id='line_1_32' title="bbox 480 3097 1049 3150; baseline -0.016 0"><span class='ocrx_word' id='word_1_215' title='bbox 480 3107 622 3150; x_wconf 86' lang='lat' dir='ltr'>mate</span> <span class='ocrx_word' id='word_1_216' title='bbox 649 3097 1049 3148; x_wconf 86' lang='lat' dir='ltr'>damnaverunt.</span> 
     </span>
     <span class='ocr_line' id='line_1_33' title="bbox 555 3175 1123 3251; baseline -0.016 -16"><span class='ocrx_word' id='word_1_217' title='bbox 555 3182 722 3251; x_wconf 88' lang='lat' dir='ltr'>Apud</span> <span class='ocrx_word' id='word_1_218' title='bbox 747 3175 1123 3230; x_wconf 87' lang='lat' dir='ltr'>Wintoniam.¹</span> 
     </span>
    </p>
   </div>
   <div class='ocr_carea' id='block_1_4' title="bbox 908 3317 1712 3375">
    <p class='ocr_par' dir='ltr' id='par_1_7' title="bbox 908 3317 1712 3375">
     <span class='ocr_line' id='line_1_34' title="bbox 908 3317 1712 3375; baseline -0.004 -12"><span class='ocrx_word' id='word_1_219' title='bbox 908 3323 919 3348; x_wconf 83' lang='lat'>¹</span> <span class='ocrx_word' id='word_1_220' title='bbox 954 3320 1151 3364; x_wconf 82' lang='lat' dir='ltr'>Selden’s</span> <span class='ocrx_word' id='word_1_221' title='bbox 1176 3318 1376 3374; x_wconf 82' lang='lat' dir='ltr'>Eadmer,</span> <span class='ocrx_word' id='word_1_222' title='bbox 1400 3317 1544 3372; x_wconf 84' lang='lat' dir='ltr'>Notae,</span> <span class='ocrx_word' id='word_1_223' title='bbox 1566 3332 1606 3375; x_wconf 89' lang='lat' dir='ltr'>p.</span> <span class='ocrx_word' id='word_1_224' title='bbox 1629 3320 1712 3361; x_wconf 89' lang='grc'>185</span> 
     </span>
    </p>
   </div>
   <div class='ocr_carea' id='block_1_5' title="bbox 2268 0 2398 4152">
    <p class='ocr_par' dir='ltr' id='par_1_8' title="bbox 2268 0 2398 4152">
     <span class='ocr_line' id='line_1_35' title="bbox 2268 0 2398 4152; baseline 0 0"><span class='ocrx_word' id='word_1_225' title='bbox 2268 0 2398 4152; x_wconf 95' lang='lat' dir='ltr'> </span> 
     </span>
    </p>
   </div>
  </div>
 </body>
</html>
