2398 4152
189 1505 310 1544 Grant,
322 1504 368 1547 by

187 1546 320 1578 Osbern
332 1546 422 1579 Fitz-

188 1588 307 1628 Hugh,
325 1588 364 1620 of
375 1598 396 1620 a

184 1629 337 1661 meadow
358 1629 394 1662 in

183 1670 374 1703 Bodeham.

181 2691 228 2723 Of
241 2692 292 2723 St.
305 2692 327 2723 J
329 2692 427 2724 ohn’s

180 2734 392 2774 Brecknock‚

180 2774 226 2815 by
237 2776 340 2807 Bern-

178 2817 391 2849 Newmarch.

461 445 531 496 34
952 452 1231 495 HISTORIA
1276 451 1688 493 FUNDATIONIS

460 579 717 630 baronum
762 585 817 627 et
856 577 1244 645 episcoporum,
1286 593 1380 635 seu
1422 574 1648 626 aliarum
1688 576 2050 644 quarumlibet
2090 596 2212 646 per-

460 679 706 713 sonarum
729 658 1028 719 exactione,
1055 665 1110 707 et
1134 665 1197 707 ut
1220 655 1462 706 homines
1499 655 1647 708 illius
1684 675 1867 708 omnes
1908 657 2067 710 liberi
2103 659 2212 711 sint

459 755 514 798 et
564 744 736 814 quieti
784 742 850 794 ab
901 740 1046 792 omni
1091 740 1359 803 theloneO,
1405 747 1461 790 et
1501 739 1679 790 omnia
1714 749 1946 792 mercata
1983 760 2080 793 sua
2114 761 2212 812 per

460 838 635 882 totum
674 845 900 896 regnum
939 843 1096 876 suum
1134 824 1338 892 ubique
1370 824 1571 891 absque
1592 823 1862 876 theloneo
1900 824 2120 890 faciant,
2157 835 2215 878 et

458 933 525 965 ne
565 913 685 982 quis
728 912 804 964 eis
849 927 1007 978 super
1043 908 1144 959 hoc
1181 908 1436 959 molestus
1474 907 1561 971 sit,
1614 926 1775 977 super
1815 908 2210 962 forisfacturam

456 997 674 1066 regiam.
774 995 1002 1063 Insuper
1028 992 1191 1044 etiam
1230 1000 1286 1043 et
1321 992 1423 1043 hoc
1465 992 1689 1055 addidit,
1716 1001 1780 1044 ut
1818 992 1863 1044 si
1904 994 2026 1062 quis
2058 995 2213 1047 baro-

457 1100 589 1133 num
612 1080 697 1133 vel
718 1079 997 1131 hominum
1022 1096 1241 1129 suorum
1280 1077 1362 1128 illi
1402 1076 1641 1128 ecclesiae
1680 1077 1887 1145 aliquas
1924 1086 2091 1130 terras
2126 1080 2212 1131 vel

457 1165 813 1235 possessiones
838 1171 934 1216 aut
957 1165 1022 1215 de
1048 1181 1145 1214 suo
1183 1161 1389 1230 aliquid
1413 1161 1700 1230 aliquando
1738 1162 1960 1226 dederit,
1989 1164 2211 1215 eandem

458 1268 553 1318 per
577 1250 755 1301 omnia
776 1249 1082 1300 libertatem
1104 1248 1190 1300 vel
1230 1247 1462 1315 regalem
1488 1246 1824 1315 dignitatem,
1851 1246 1991 1299 sicut
2027 1266 2212 1317 supra-

457 1333 713 1396 diximus,
738 1334 796 1384 in
819 1333 1009 1385 iisdem
1025 1351 1121 1384 sua
1139 1350 1356 1401 quoque
1374 1331 1571 1382 habeat
1595 1331 1832 1394 ecclesia,
1853 1339 1917 1383 ut
1941 1333 2076 1384 servi
2102 1333 2210 1385 Dei

457 1417 698 1484 undique
725 1416 899 1486 quieti
925 1425 979 1468 et
1003 1417 1161 1468 liberi
1187 1415 1307 1468 Deo
1325 1416 1384 1467 in
1407 1433 1537 1484 pace
1564 1415 1883 1467 omnimodis
1907 1417 2207 1472 intendant.

531 1501 803 1555 Quoniam
842 1509 1024 1553 autem
1055 1501 1172 1552 loca
1209 1500 1347 1552 circa
1385 1499 1661 1551 ecclesiam
1697 1500 1921 1552 eandem
1960 1501 2026 1552 de
2055 1501 2212 1554 Bello

458 1586 616 1638 nimis
635 1594 786 1637 erant
806 1585 1025 1649 arentia,
1048 1592 1102 1636 et
1120 1592 1396 1653 pratorum
1414 1585 1628 1654 irriguis
1650 1585 1828 1637 minus
1847 1587 2209 1652 abundabant,

458 1689 529 1722 ex
548 1671 755 1722 abbatis
775 1670 1068 1722 Gausberti
1084 1670 1572 1738 monachorumque
1591 1669 1974 1734 admonitione,
1991 1672 2209 1740 quidam

455 1754 608 1805 miles
633 1772 704 1805 ex
727 1753 916 1806 vicinis
942 1752 1247 1805 Osbernusl
1281 1753 1495 1804 nomine
1534 1753 1680 1804 filius
1707 1753 1976 1823 Hugonis,
2002 1774 2074 1807 ex
2112 1775 2209 1808 suo

455 1837 709 1902 dominio,
735 1838 1057 1890 concedente
1089 1836 1305 1889 domino
1343 1838 1490 1889 illius
1515 1838 1708 1890 comite
1735 1837 1885 1907 Augi
1909 1839 2207 1905 Willelmo,

453 1941 575 1974 cum
600 1923 741 1990 regis
763 1923 1030 1975 Willelmi
1075 1923 1493 1987 confirmatione,
1519 1923 1742 1991 triginta
1779 1942 1924 1976 acras
1964 1925 2106 1994 prati
2141 1927 2210 1978 ad

453 2025 755 2059 mensuram
801 2007 1146 2058 Normanniae
1186 2007 1464 2070 dimensaS‚
1511 2008 1569 2059 in
1605 2008 1775 2060 fundo
1829 2009 2053 2061 manerii
2102 2010 2213 2075 sui,

452 2092 712 2143 vocabulo
739 2091 1011 2143 Bodeham
1038 2099 1242 2161 septem
1267 2091 1379 2143 fere
1404 2091 1625 2143 milariis
1655 2092 1722 2143 ab
1758 2093 1981 2145 ecclesia
2020 2095 2207 2147 eadem

453 2176 718 2239 distantis,
768 2176 964 2245 partim
1012 2176 1294 2245 largitione
1343 2195 1439 2244 pro
1490 2195 1586 2228 sua
1633 2194 1960 2245 suorumque
2014 2178 2206 2243 salute,

451 2260 647 2328 partim
707 2260 1034 2324 venditione,
1096 2259 1327 2328 acceptis
1374 2279 1470 2329 pro
1532 2278 1753 2312 munere
1813 2260 2207 2331 quinquaginta

451 2344 651 2407 solidis,
668 2344 725 2395 in
744 2353 1069 2414 perpetuum
1095 2344 1456 2413 possidendas,
1479 2345 1716 2396 ecclesiae
1734 2344 1893 2408 Belli,
1913 2345 2107 2398 liberas
2133 2348 2204 2400 ab

448 2428 704 2479 heredum
749 2446 967 2479 suorum
1007 2437 1063 2479 et
1116 2428 1343 2480 aliorum
1385 2429 1625 2481 omnium
1668 2429 1933 2481 calumnia
1974 2431 2059 2482 vel
2109 2447 2207 2483 ex-
2277 2496 2283 2503 ι

447 2512 674 2575 actione,
700 2520 756 2563 et
780 2513 846 2564 ab
874 2512 1019 2563 omni
1045 2513 1431 2564 consuetudine
1458 2513 1718 2565 concessit
1752 2523 1809 2565 et
1845 2514 2008 2578 dedit,
2036 2524 2204 2568 carta.

448 2615 552 2664 que
579 2615 673 2648 sua
697 2597 1043 2648 confirmavit.

519 2681 604 2732 Eo
630 2681 790 2732 etiam
816 2688 1055 2749 tempore
1082 2681 1300 2749 quidam
1324 2682 1587 2733 baronum
1610 2683 1767 2751 regis,
1784 2682 1865 2734 vir
1889 2685 2203 2752 magnificus

451 2766 755 2817 Bernardus
787 2773 1138 2832 cognomento
1164 2766 1229 2817 de
1251 2766 1407 2817 Novo
1429 2766 1693 2830 Mercato‚
1741 2768 2017 2836 cujusdam
2064 2788 2204 2839 prae-

451 2850 609 2901 dietae
649 2848 887 2901 ecclesiae
914 2849 1054 2900 Belli
1093 2850 1338 2902 monachi
1380 2850 1595 2901 nomine
1623 2850 1848 2919 Rogerii
1892 2854 2037 2922 apud
2076 2873 2200 2908 eum

449 2934 762 3003 aliquandiu
827 2934 967 2985 forte
1029 2933 1411 2986 commanentis
1480 2934 1772 3004 inportuna
1841 2938 2199 3005 suggestione,

449 3019 623 3070 eidem
666 3018 903 3070 ecclesiae
952 3019 1119 3070 sancti
1144 3018 1372 3070 Martini
1414 3019 1559 3088 apud
1591 3019 1809 3070 Walliae
1851 3022 2197 3090 provinciam,

448 3122 570 3155 cum
594 3104 821 3173 quadam
839 3104 1172 3173 possessione
1191 3120 1314 3173 quae
1329 3103 1505 3157 Vetus
1523 3103 1672 3156 Villa
1687 3104 1902 3168 dicitur,
1922 3106 2197 3161 ecclesiam

448 3189 620 3239 eidem
646 3188 952 3256 contiguam
975 3188 1143 3240 sancti
1168 3188 1203 3239 J
1205 3188 1428 3240 ohannis
1453 3188 1813 3257 Evangelistae
1844 3197 1998 3242 extra
2021 3193 2197 3245 muni-

448 3272 647 3323 tionem
697 3273 854 3324 castri
904 3273 987 3325 sui
1038 3274 1102 3325 de
1144 3273 1510 3325 Brecchennio
1571 3274 1745 3338 sitam,
1795 3275 2018 3327 liberam
2073 3296 2196 3330 cum

447 3357 692 3408 omnibus
718 3358 784 3408 ad
809 3376 925 3409 eam
949 3358 1349 3427 pertinentibus
1375 3358 1633 3410 donavit.2
1707 3359 1887 3413 Quam
1905 3361 2196 3428 praedictus

503 3466 512 3489 ¹
547 3465 641 3507 One
674 3467 723 3508 of
750 3467 822 3509 the
856 3481 974 3510 same
1005 3482 1146 3523 name,
1178 3468 1277 3511 held
1357 3469 1449 3511 tion
1471 3469 1519 3510 of
1534 3468 1654 3511 these
1674 3476 1819 3525 grants
1841 3470 1884 3512 in
1906 3470 1979 3512 the
2001 3470 2189 3515 Monast.

442 3520 541 3564 here
562 3526 584 3564 1
607 3523 709 3566 hide
745 3525 829 3567 and
852 3528 879 3568 3
902 3526 1085 3582 virgates
1119 3527 1161 3568 in
1202 3527 1276 3569 the
1356 3526 1418 3569 iii.
1456 3528 1553 3580 264,
1593 3529 1693 3570 266.
1755 3527 2000 3585 According
2034 3535 2078 3571 to
2114 3529 2188 3572 the

441 3580 545 3621 time
563 3580 610 3622 of
626 3581 699 3623 the
722 3582 896 3639 Survey.
930 3583 1136 3626 Doomsd.
1152 3584 1182 3627 f.
1200 3587 1272 3627 20.
1353 3585 1510 3626 former
1523 3584 1572 3626 of
1580 3584 1715 3640 these,
1729 3584 1784 3627 he
1797 3585 1887 3628 also
1905 3600 2012 3642 gave
2025 3592 2069 3628 to
2082 3586 2189 3630 Bat-

498 3638 514 3661 ²
543 3638 621 3679 See
650 3638 723 3682 the
745 3639 932 3683 charters
965 3641 1011 3684 in
1048 3641 1271 3685 confirma·
1352 3641 1412 3685 tle
1434 3642 1590 3700 Abbey
1610 3642 1684 3686 the
1706 3643 1866 3687 church
1887 3644 1937 3688 of
1951 3644 2190 3689 Bodeham.
