2398 4152
469 440 497 490 1
506 441 576 492 34
932 450 1213 492 HISTORIA
1257 450 1670 493 FUNDATIONIS

470 594 689 628 suorum
728 575 968 626 revelans
1007 575 1063 626 in
1106 575 1327 638 visione,
1371 573 1635 644 propositi
1675 572 1896 642 quidem
1934 572 2020 623 sui
2059 571 2226 624 fuisse
2302 574 2308 631 s

468 661 648 711 locum
695 659 876 728 ipsum
929 678 1105 711 coram
1153 653 1462 711 hominibus
1521 657 1824 719 clarificare,
1877 657 1972 708 sed
2020 656 2229 707 inhabi-

470 744 704 796 tantium
752 744 1088 812 quorundam
1136 744 1483 795 habundante
1531 741 1739 793 malitia
1778 760 1834 792 se
1880 759 1912 791 a
1952 740 2229 810 proposito
2301 748 2315 783 ἶ

471 828 779 892 declinasse,
800 827 1134 897 gratiamque
1151 846 1452 879 concessam
1471 825 1816 899 subtraxisse.
1895 824 2046 879 Quid
2062 824 2232 893 igitur

471 912 539 963 ad
563 911 666 963 ista
690 911 976 963 dicendum
1003 914 1123 964 est?
1199 910 1460 979 Plangere
1497 910 1556 961 in
1584 910 1668 961 his
1698 909 1866 977 magis
1891 910 2044 960 decet
2069 920 2231 977 quam

471 995 681 1064 aliquid
706 996 899 1049 dicere.
976 995 1124 1060 Heu,
1150 996 1276 1059 heu,
1306 1003 1506 1064 quanta
1540 1002 1621 1045 est
1645 993 1933 1045 infelicitas
1953 993 2232 1045 hominum

474 1081 570 1150 qui
608 1081 902 1133 divinitatis
943 1082 1196 1151 operibus
1229 1081 1427 1150 ingrati
1452 1081 1714 1144 existunt,
1744 1079 2094 1147 Creatorique
2132 1097 2229 1130 suo

472 1165 793 1216 famulatum
842 1166 1041 1217 debitae
1082 1165 1353 1216 servitutis
1398 1165 1707 1235 impendere
1751 1164 2067 1233 negligunt!
2144 1162 2231 1214 De

475 1251 675 1319 quibus
713 1250 1069 1319 proculdubio
1111 1258 1335 1313 constat,
1383 1250 1529 1318 quod
1569 1250 1708 1301 sicut
1745 1249 1917 1300 multa
1956 1256 2081 1300 sunt
2107 1263 2231 1317 quae

475 1335 730 1387 immeriti
756 1354 786 1386 a
820 1334 941 1386 Deo
967 1334 1253 1403 accipiunt,
1281 1335 1356 1385 810
1388 1335 1671 1386 innumera
1708 1341 1835 1385 sunt
1869 1350 1992 1403 quae
2034 1332 2233 1402 ingrati

203 1437 296 1469 'rhat
317 1437 455 1470 honour
477 1420 751 1471 amittunt.
826 1418 1197 1470 Veruntamen
1223 1437 1345 1471 cum
1369 1418 1440 1470 sit
1464 1419 1639 1470 suavis
1658 1418 1943 1481 Dominus,
1968 1417 2233 1486 benignus

201 1479 426 1552 ffncs'iifisiifd
477 1514 533 1557 et
577 1505 766 1556 multae
815 1503 1191 1567 miserationis,
1232 1503 1459 1572 gratiam
1507 1522 1807 1555 concessam
1855 1522 1964 1555 non
2014 1503 2231 1555 omnino

201 1561 343 1635 ffl'ssfflss.
475 1588 718 1653 abstulit,
765 1588 857 1640 sed
908 1596 972 1639 ut
1015 1587 1191 1639 voluit
1230 1588 1522 1640 transtulit.
1615 1587 1917 1639 Transtulit
1965 1587 2233 1656 siquidem

475 1691 593 1724 eam
618 1673 682 1724 de
708 1663 876 1723 matre
916 1672 983 1723 ad
1016 1671 1199 1735 filiam,
1229 1672 1294 1722 de
1332 1672 1554 1724 ecclesia
1592 1672 1797 1724 scilicet
1833 1672 1979 1724 beati
2004 1671 2232 1724 Martini

476 1758 541 1810 de
569 1757 725 1809 Bello
750 1757 818 1808 ad
842 1756 1117 1809 eeclesiam
1141 1757 1288 1808 beati
1315 1756 1566 1808 Nicholai
1600 1757 1656 1808 in
1691 1757 1905 1809 civitate
1932 1756 2232 1809 Exoniensi

474 1842 648 1906 sitam,
684 1860 844 1910 quam
878 1841 1049 1910 ipsius
1079 1841 1318 1892 ecclesiae
1349 1842 1414 1893 de
1456 1841 1612 1893 Bello
1639 1849 1847 1894 constat
1881 1861 1994 1894 esse
2022 1841 2228 1906 cellam,

473 1926 580 1978 loci
603 1927 774 1996 ipsius
815 1926 1036 1978 visitans
1077 1926 1450 1995 dejectionem.
1527 1926 1785 1979 Nondum
1828 1927 1973 1979 enim
2015 1926 2235 1979 ecclesia

475 2011 569 2063 illa
611 2031 642 2063 a
680 2011 867 2080 primis
915 2011 1279 2063 fundamentis
1322 2012 1535 2082 plenam
1585 2020 1861 2082 acceperat
1903 2030 2234 2064 consumma-

476 2096 698 2159 tionem,
741 2114 863 2147 cum
904 2097 1018 2166 jam
1064 2096 1297 2147 secundo
1338 2115 1410 2147 ex
1458 2095 1741 2165 repentino
1790 2096 1939 2148 urbis
1987 2095 2234 2148 incendio

476 2180 692 2231 redacta
734 2189 874 2232 esset
920 2180 978 2232 in
1019 2180 1419 2233 desolationem.
1495 2180 1770 2250 Apparuit
1807 2181 1974 2250 igitur
2021 2181 2132 2233 illic
2176 2181 2234 2232 in

477 2264 855 2316 miraculorum
904 2265 1066 2334 signis
1126 2265 1298 2334 gloria
1345 2265 1587 2329 Domini,
1637 2285 1735 2318 nec
1794 2274 2007 2318 tantum
2044 2259 2235 2318 ¹locum

476 2348 672 2418 ipsum,
723 2350 1074 2402 verumetiam
1124 2350 1354 2402 diversas
1400 2351 1552 2419 regni
1600 2359 1779 2420 partes
1828 2352 1895 2403 ad
1955 2370 2088 2420 quas
2137 2370 2234 2404 seu

477 2433 724 2485 monachi
750 2453 845 2485 seu
871 2434 1048 2486 clerici
1064 2434 1169 2486 loci
1187 2435 1356 2504 ipsius
1380 2435 1595 2486 nomine
1612 2435 1801 2487 directi
1816 2436 2230 2504 praedicationis,

477 2520 650 2587 gratia
690 2527 1069 2588 pervenerunt,
1109 2520 1333 2572 mirifice
1375 2520 1680 2572 illustravit.
1759 2520 2234 2574 Crebrescentibus

479 2603 767 2667 miraculis,
813 2604 1232 2673 circumquaque
1277 2604 1560 2656 dilatatum
1594 2612 1677 2656 est
1717 2623 1914 2656 nomen
1950 2605 2098 2657 beati
2132 2604 2234 2658 Ni-

480 2687 670 2751 cholai,
699 2688 975 2758 coepitque
1000 2689 1150 2740 locus
1186 2689 1301 2758 ipse
1328 2690 1393 2740 ab
1420 2689 1703 2758 utriusque
1744 2708 1923 2753 sexuS,
1957 2708 1988 2741 a
2012 2690 2233 2742 diversae

480 2772 673 2836 aetatis,
714 2773 989 2841 religionis
1032 2781 1088 2824 et
1127 2773 1329 2825 ordinis
1377 2774 1625 2825 fidelibus
1670 2792 1789 2825 cum
1841 2782 1991 2826 tanta
2034 2775 2236 2826 benefi-

477 2857 680 2908 ciorum
720 2857 1140 2926 comportatione
1178 2858 1528 2926 frequentari,
1556 2866 1620 2909 ut
1655 2877 1726 2910 ex
1762 2859 2000 2927 ipsorum
2033 2860 2235 2912 benefi-

478 2941 682 2993 ciorum
708 2941 861 3010 copia
884 2960 993 2993 non
1018 2941 1190 2993 solum
1217 2942 1435 2993 ecclesia
1467 2942 1675 3011 pridem
1705 2943 1954 2995 incendio
1981 2943 2236 3013 dissipata

477 3026 912 3088 reaedificaretur,
952 3025 1302 3077 verumetiam
1341 3026 1597 3078 fratribus
1638 3027 1749 3079 11110
1800 3028 2235 3080 conversantibus

481 3111 608 3162 satis
631 3110 859 3162 honesta
883 3111 950 3162 ad
975 3110 1386 3162 inhabitandum
1412 3111 1641 3163 aedificia
1664 3131 1762 3180 pro
1800 3112 1903 3164 loci
1940 3113 2232 3182 capacitate

480 3202 932 3247 construerentur.
1010 3194 1139 3247 Non
1176 3212 1569 3264 usquequaque
1604 3195 1663 3246 in
1698 3196 1783 3247 his
1809 3197 2027 3248 00010810
2065 3199 2234 3251 sancti

480 3279 708 3331 Martini
734 3280 798 3330 de
826 3279 981 3330 Bello
1006 3279 1262 3331 frustrata
1281 3288 1379 3343 est,
1402 3280 1573 3349 gratia
1598 3280 1722 3345 Dei,
1749 3282 1875 3350 quia
1899 3282 2070 3334 honor
2084 3283 2231 3348 filiae,

479 3364 648 3431 gloria
673 3372 754 3415 est
778 3363 962 3414 matris
989 3365 1121 3433 ejus·
1201 3364 1249 3416 O
1287 3365 1445 3416 beata
1482 3365 1598 3417 loca
1634 3374 1691 3418 et
1724 3374 1980 3436 tempora,
2010 3386 2132 3436 quae
2160 3369 2233 3421 sic

482 3448 589 3499 Dei
614 3448 850 3500 visitavit
875 3448 1187 3501 clementia!

207 3544 390 3576 Character
551 3533 734 3584 Multa
783 3532 1000 3602 quidem
1063 3541 1190 3584 sunt
1253 3552 1376 3602 quae
1437 3554 1468 3585 a
1525 3535 1638 3586 viro
1691 3535 1982 3587 venerabili
2040 3537 2232 3589 abbate

202 3585 370 3658 &affigi-‘3‘
478 3617 760 3681 Walterio,
789 3626 844 3669 et
869 3637 963 3686 per
996 3618 1172 3687 ipsum
1198 3619 1475 3687 magnifice
1501 3629 1651 3688 gesta
1686 3621 2045 3688 cognovimus.
2121 3621 2233 3674 Sed
