2398 4152
744 417 1105 459 MONASTERII
1148 417 1226 456 DE
1268 416 1473 455 BELLO.
1905 401 1970 450 55

249 540 610 592 molendinum
629 541 793 608 juxta
818 539 986 590 Criuil
1024 540 1202 601 situm,
1233 539 1416 590 Sansei
1453 539 1682 601 nomine,
1711 538 1973 588 Rotberto

250 624 439 675 comite
465 623 612 691 Augi
637 623 847 674 domino
871 642 966 674 suo
991 623 1308 674 concedente
1334 631 1388 673 et
1418 622 1773 684 confirmante,
1801 638 1973 671 coram

247 708 428 758 multis
453 707 675 758 testibus
700 706 1015 775 supradictae
1041 706 1275 757 ecclesiae
1301 705 1461 756 dedit.

320 790 422 842 Illo
472 789 654 857 itaque
703 798 956 857 tempore,
1010 807 1129 840 cum
1178 807 1277 839 rex
1324 787 1656 838 excellentiae
1695 786 1972 855 singularis
1993 797 2066 829 'rhe
2083 797 2177 838 Κίος

249 874 516 925 Henricus
556 892 653 941 pro
689 872 1052 940 peccaminum
1094 890 1308 922 suorum
1366 870 1716 932 absolutione,
1767 889 1970 938 proque
1993 839 2232 952 {ffffi‘lffigt

246 957 419 1008 anima
440 957 606 1025 patris
629 956 713 1006 sui
738 963 792 1005 et
816 954 997 1005 matris
1030 963 1084 1004 et
1108 953 1307 1016 uxoris,
1340 952 1681 1021 omniumque
1717 953 1971 1003 heredum
1992 930 2203 1034 ξζὲὲῡζᾶῗῂε

246 1057 460 1089 suorum
485 1039 673 1101 salute,
699 1037 1074 1088 monasterium
1098 1044 1398 1087 construere
1423 1035 1781 1103 disposuisset,
1797 1035 1971 1086 locum
1994 1012 2164 1089 Abbeyyin

245 1122 312 1172 ad
335 1121 433 1172 hoc
458 1121 731 1189 requirens
764 1119 1012 1181 habilem,
1056 1120 1198 1187 apud
1236 1119 1505 1186 Radinges
1527 1119 1815 1169 secund,um
1840 1119 1971 1170 vesse
1995 1083 2175 1124 Reaamssz

245 1222 402 1254 suum
424 1204 524 1254 hoc
549 1203 663 1254 fieri
687 1220 839 1271 posse
865 1202 1081 1253 invenit.
1158 1201 1302 1254 Quia
1319 1220 1442 1252 vero
1467 1203 1702 1270 ejusdem
1722 1203 1973 1253 territorii

244 1286 464 1338 ecclesia
511 1305 630 1338 cum
677 1286 785 1337 suis
831 1285 1074 1336 omnibus
1122 1304 1153 1335 a
1198 1285 1476 1352 magnifico
1524 1304 1647 1354 rege
1698 1285 1972 1338 Willehno

247 1370 413 1421 sancti
456 1369 681 1420 Martini
724 1369 958 1421 ecclesiae
1003 1370 1067 1419 de
1113 1368 1266 1419 Bello
1314 1377 1377 1419 ut
1429 1388 1586 1437 supra
1639 1370 1971 1420 meminimus

244 1453 433 1504 collata
453 1453 645 1516 fuerat,
671 1471 771 1504 rex
811 1470 906 1521 per
946 1452 1120 1503 omnia
1160 1451 1333 1502 eidem
1373 1453 1593 1503 devotus
1635 1453 1969 1516 monasterio,

242 1555 339 1605 pro
382 1536 549 1604 ipsius
587 1535 820 1587 ecclesiae
858 1534 1184 1598 commercio,
1213 1535 1476 1602 quoddam
1514 1537 1805 1587 manerium
1828 1538 1971 1604 quod

246 1620 590 1671 Fundintune
628 1619 900 1670 dicebatur
938 1618 1156 1669 Bellicae
1207 1619 1435 1669 contulit
1489 1619 1740 1682 ecclesiae,
1776 1629 1972 1671 totum-

247 1722 351 1771 que
393 1703 662 1771 Radinges
697 1703 754 1753 in
796 1703 1070 1771 proprium
1104 1703 1345 1769 redigens
1391 1702 1701 1765 dominium,
1747 1704 1973 1772 amplam

244 1787 370 1838 satis
387 1794 442 1837 et
460 1786 813 1854 spectabilem,
833 1786 891 1836 in
908 1787 1080 1837 beatae
1106 1786 1297 1837 Matris
1318 1786 1685 1837 misericordiae
1702 1787 1971 1849 honorem,

242 1870 753 1938 magnificentissime
818 1870 1061 1920 fundavit
1123 1870 1407 1920 basilicam.
1502 1869 1685 1921 Abbas
1737 1889 1859 1920 vero
1921 1879 1975 1920 et

243 1954 431 2004 fratres
465 1953 699 2004 ecclesiae
725 1954 788 2003 de
822 1952 974 2003 Bello
1014 1953 1189 2003 locum
1222 1971 1253 2002 a
1276 1971 1399 2019 rege
1433 1953 1682 2003 collatum
1716 1972 1836 2003 cum
1869 1973 1975 2003 non

245 2037 369 2088 satis
403 2037 591 2088 utilem
628 2036 729 2087 sibi
761 2036 1177 2104 prospexissent,
1209 2054 1389 2103 regem
1424 2035 1520 2086 hac
1562 2036 1625 2086 de
1667 2054 1820 2087 causa
1854 2055 1975 2086 con-

246 2126 525 2185 querentes
595 2118 807 2179 adeunt,
869 2117 962 2185 qui
1021 2117 1284 2184 quoddam
1339 2117 1413 2167 eis
1474 2118 1619 2168 aliud
1686 2119 1978 2169 manerium

244 2199 622 2268 Apeldrehaml
647 2209 906 2262 vocatum,
930 2201 995 2251 ad
1019 2219 1184 2251 unum
1203 2200 1486 2251 miliarium
1501 2220 1665 2269 prope
1686 2202 1979 2253 Cicestren-

244 2302 353 2334 sem
390 2284 575 2334 urbem
618 2283 795 2346 situm,
844 2283 942 2334 hac
984 2285 1047 2334 de
1101 2303 1256 2334 causa
1297 2284 1525 2335 donavit.
1621 2285 1782 2338 Quod
1819 2295 1975 2337 cartae

244 2386 353 2418 suae
381 2367 690 2418 confirmans
715 2367 1036 2429 testimonio,
1063 2367 1290 2418 liberum
1316 2367 1528 2417 omnino
1555 2376 1609 2417 et
1635 2368 1873 2435 quietum
1909 2371 1974 2419 ab

244 2451 386 2501 omni
429 2459 652 2501 terrenae
710 2451 1106 2501 consuetudinis
1145 2451 1373 2513 servitio,
1413 2459 1475 2501 ut
1515 2459 1705 2501 caetera
1739 2454 1974 2520 ejusdem

242 2533 476 2584 ecclesiae
515 2535 578 2584 de
604 2552 700 2583 suo
726 2533 956 2583 dominio
982 2534 1038 2583 in
1074 2552 1340 2585 servorum
1367 2534 1472 2584 Dei
1504 2536 1627 2603 jura
1669 2536 1972 2604 delegavit.2

247 2618 514 2668 Praeterea
555 2617 682 2684 quia
715 2617 855 2667 idem
897 2617 1206 2684 magnificus
1245 2635 1343 2668 rex
1380 2617 1646 2668 Henricus
1685 2619 1871 2681 multo,
1912 2628 1973 2670 ut
1993 2628 2188 2698 {rantsalso

2021 2672 2044 2698 t.
2058 2669 2194 2706 Peter's,

245 2700 654 2769 praelibavimus,
717 2701 937 2750 eandem
999 2701 1270 2751 ecclesiam
1332 2702 1395 2751 de
1458 2701 1611 2752 Bello
1672 2703 1974 2770 percolebat
1994 2709 2226 2780 pggngzrthen,

241 2786 450 2846 affectu,
478 2785 575 2835 sub
601 2784 767 2835 isdem
791 2784 903 2852 ipse
936 2784 1122 2835 diebus
1145 2785 1307 2851 gratis
1330 2785 1457 2835 illuc
1495 2805 1565 2836 ex
1601 2787 1814 2854 proprio
1852 2806 1973 2838 con-
1993 2774 2209 2823 Theffl‘stffffl

242 2868 369 2918 tulit
394 2868 531 2918 dono
558 2869 820 2935 quandam
840 2868 1111 2918 ecclesiam
1126 2869 1182 2919 in
1200 2868 1452 2919 honorem
1472 2869 1636 2919 sancti
1658 2869 1805 2921 Petri
1825 2890 1973 2938 apos-

242 2952 338 3002 toli
371 2951 644 3003 fundatam
676 2952 818 3019 apud
836 2951 1104 3014 Walliam,
1146 2952 1201 3002 in
1235 2952 1445 3002 civitate
1483 2972 1603 3020 quae
1650 2953 1973 3005 Chaermerdi

242 3035 450 3097 dicitur,
496 3054 615 3086 cum
658 3035 900 3085 omnibus
939 3035 1005 3085 ad
1048 3053 1162 3085 eam
1202 3035 1611 3103 pertinentibus,
1658 3036 1874 3087 liberam
1919 3047 1973 3088 et

245 3118 481 3186 quietam
518 3119 575 3168 in
606 3127 926 3186 perpetuum
955 3118 1337 3186 possidendam.
1414 3119 1594 3168 Aliam
1620 3119 1779 3169 etiam
1806 3121 1970 3171 eccle-

243 3202 371 3252 siam
395 3201 773 3269 antiquissimis
813 3202 1139 3269 temporibus
1179 3202 1235 3250 in
1272 3202 1469 3252 honore
1513 3203 1677 3253 sancti
1704 3203 1969 3255 Theodori

301 3302 313 3327 ¹
346 3302 658 3359 Appelderham
711 3317 756 3344 or
796 3302 1062 3358 Appultram,
1150 3303 1411 3357 Chichester,
1426 3319 1510 3346 was
1522 3304 1701 3361 perhaps
1713 3306 1848 3348 better
1860 3307 1967 3348 suit-

245 3359 483 3414 (aswritten
496 3359 538 3402 in
554 3359 767 3401 theValor
785 3359 1061 3415 Hen.VIII.)
1146 3360 1198 3401 ed
1220 3368 1262 3401 to
1285 3360 1356 3402 'the
1406 3376 1576 3418 urposes
1595 3363 1641 3403 of
1657 3362 1727 3404 the
1749 3364 1916 3420 Abbey.

246 3415 394 3458 valued
415 3417 458 3458 in
480 3416 552 3459 the
573 3432 689 3459 same
710 3424 752 3458 at
777 3417 861 3458 29l.
895 3420 952 3459 8s.
975 3433 984 3467 3
1018 3417 1060 3457 in
1203 3418 1219 3440 ²
1249 3418 1327 3458 See
1364 3418 1448 3460 tlis
1487 3418 1650 3460 charter
1680 3420 1721 3461 in
1745 3421 1966 3463 'confirma-

243 3472 314 3514 the
338 3473 549 3515 Taxation
571 3475 618 3515 of
651 3475 765 3530 Pope
788 3473 996 3515 Nicholas
1019 3481 1062 3515 at
1147 3474 1233 3515 tion
1277 3475 1325 3516 of
1354 3475 1438 3517 this
1482 3476 1713 3532 exchangc,
1748 3478 1866 3520 Mon.
1906 3479 1964 3521 iii.

243 3530 326 3572 29l.
361 3530 447 3573 17s.
480 3533 600 3581 lOffd.
644 3531 762 3587 This,
779 3531 1061 3587 beingnea1·cr
1147 3533 1243 3574 247.
