2398 4152
453 504 520 552 20
958 506 1236 551 HISTORIA
1275 505 1682 548 FUNDATIONIS
1703 503 1706 507 ·

450 635 756 704 contiguum
797 633 978 695 curiae,
1007 641 1062 684 et
1087 631 1343 683 vivarium
1383 630 1529 698 quod
1568 637 1649 680 est
1686 647 1717 679 a
1758 636 1908 698 parte
1957 626 2213 690 australis

449 739 571 787 quae
596 727 808 770 vocatur
839 717 1123 779 Quaroere,
1151 723 1207 766 et
1232 723 1358 767 sunt
1381 713 1459 765 ibi
1482 713 1580 769 iiii.
1609 731 1763 765 acrae.
1792 714 1796 718 ’

518 802 609 853 Ex
633 802 736 853 alia
758 809 908 871 parte
934 799 1035 852 viae
1049 797 1212 868 juxta
1234 798 1550 867 pomarium,
1571 797 1718 867 quod
1741 805 1823 849 est
1848 797 2196 868 conjunctum

447 886 626 938 domui
653 905 775 954 quae
801 892 1019 938 vocatur
1045 882 1362 951 HospitaliS,
1388 890 1514 934 sunt
1539 879 1661 933 duae
1687 881 1906 934 acraein
1932 881 2148 933 Herste;
2169 904 2181 917 ³

519 969 602 1022 Ibi
622 972 786 1040 juxta
808 970 926 1021 illas
951 977 1032 1020 est
1055 985 1303 1019 mansura
1327 985 1449 1018 cum
1487 967 1695 1018 duabus
1719 967 1852 1018 acris
1890 965 1992 1016 sibi
2027 963 2197 1034 perti·
2212 990 2226 996 ··

446 1055 716 1119 uentibus,
745 1054 840 1107 ubi
864 1054 1108 1106 lavantur
1132 1059 1304 1103 vestes
1333 1051 1731 1115 monachorum,
1758 1050 1854 1102 ubi
1892 1050 2056 1102 etiam
2090 1057 2198 1100 tres

446 1139 566 1191 aliae
592 1158 726 1191 acrae
754 1146 894 1190 sunt.

522 1223 603 1274 lbi
630 1224 789 1275 etiam
814 1242 845 1274 a
868 1229 1019 1291 parte
1047 1219 1359 1272 occidentali
1385 1228 1511 1271 sunt
1536 1229 1656 1272 octo
1682 1239 1835 1273 acrae.

517 1293 688 1346 Juxta
711 1294 828 1345 illas
852 1310 1033 1345 versus
1057 1299 1300 1342 austrum
1325 1291 1486 1343 simili
1509 1292 1669 1344 modo
1695 1300 1814 1344 octo
1840 1309 1974 1343 acrae
2001 1290 2067 1342 de
2091 1288 2197 1340 (10-

446 1378 611 1430 11111110
637 1387 778 1431 sunt.
799 1416 803 1419 ,

521 1463 583 1514 In
611 1463 894 1515 Loxebece
922 1463 1043 1513 duae
1069 1461 1238 1513 wistae
1264 1461 1548 1514 habentur.

519 1547 584 1598 In
620 1556 771 1617 parte
812 1546 1125 1598 occidentali
1163 1547 1325 1609 villae,
1369 1548 1551 1599 decem
1575 1563 1712 1600 acrae
1751 1546 1970 1615 optimae
1998 1546 2195 1615 jacent,

448 1651 671 1701 quarum
698 1632 892 1700 aliquae
915 1631 1075 1683 cultae
1101 1632 1379 1684 abundant
1402 1632 1690 1685 frumento·
2074 1648 2076 1650 ’

520 1716 580 1769 111
606 1716 914 1767 Bretherste
941 1716 1018 1767 xi.
1047 1735 1182 1767 acrae
1209 1724 1351 1768 sunt.

517 1800 582 1852 In
609 1799 845 1852 Plesseiz
872 1819 961 1852 xv.
990 1800 1123 1852 acris
1149 1809 1291 1852 terra
1315 1808 1539 1852 constat.

518 1886 601 1938 Ibi
627 1885 788 1936 etiam
806 1886 971 1954 juxta
993 1884 1110 1936 illas
1135 1885 1192 1936 in
1217 1885 1509 1954 aquilonali
1533 1894 1685 1954 parte
1712 1895 1838 1939 sunt
1860 1886 2013 1939 xviii.
2040 1904 2194 1938 acrae.

517 1971 720 2022 Praeter
761 1970 878 2022 haec
924 1977 1051 2020 sunt
1095 1970 1343 2038 quaedam
1383 1978 1540 2021 terrae
1567 1989 1691 2040 quae
1733 1971 1905 2023 libero
1948 1988 2112 2022 censu
2138 1988 2193 2020 se

445 2056 755 2118 defendunt,
784 2063 839 2106 et
863 2063 990 2106 sunt
1013 2054 1128 2106 sine
1155 2074 1334 2124 opere,
1361 2054 1462 2106 1106
1486 2056 1676 2119 modo3

514 2225 685 2276 Juxta
707 2224 887 2276 villam
911 2224 969 2275 in
992 2224 1416 2293 parte-orientali
1454 2234 1581 2277 sunt
1605 2225 1682 2276 xi.
1723 2244 1877 2289 acrae,
1906 2243 2030 2294 quae
2068 2233 2195 2277 sunt

444 2309 508 2360 de
552 2309 713 2360 feudo
754 2310 820 2360 de
847 2308 1173 2371 Uccheham,
1216 2316 1272 2359 et
1309 2309 1545 2360 reddunt
1586 2309 1664 2361 xi.
1712 2311 1972 2363 denarios,
2052 2310 2195 2366 Quae

445 2403 584 2444 terra
607 2401 824 2445 vocatur
849 2402 990 2445 terra
1018 2392 1162 2446 Coei.

518 2477 650 2529 Post
691 2478 808 2529 illas
842 2480 1026 2548 jacent
1065 2499 1112 2531 v.
1141 2498 1296 2542 acrae,
1342 2498 1513 2548 usque
1545 2481 1708 2549 juxta
1743 2480 2044 2544 Santlache,
2073 2500 2197 2550 quae

448 2562 688 2614 similiter
711 2583 760 2615 v.
789 2563 1030 2615 denarios
1055 2564 1305 2616 reddunt.

521 2646 605 2698 Ibi
649 2656 729 2699 est
772 2655 827 2699 et
868 2647 904 2700 i.
951 2666 1070 2699 acra
1108 2648 1203 2700 ubi
1245 2649 1451 2712 domUS,
1494 2668 1622 2719 quae
1658 2650 1921 2703 Gilthalle
1958 2658 2195 2714 vocatur,

449 2739 569 2783 stat.

521 2816 691 2867 Juxta
718 2815 1063 2868 Strellewelle
1105 2825 1231 2869 sunt
1263 2816 1358 2870 iiii.
1402 2836 1556 2882 acrae,
1596 2838 1727 2888 quas
1755 2819 2068 2872 Gilebertus
2106 2839 2203 2872 ex·—

451 2908 666 2953 traneus
691 2901 867 2951 tenuit
893 2910 947 2952 et
970 2902 1192 2954 here-des
1219 2905 1335 2973 ejus
1359 2911 1482 2972 post
1521 2904 1691 2968 illum,
1721 2922 1844 2973 quae
1885 2913 2028 2957 terra
2051 2924 2202 2957 voca-

452 2993 542 3036 -tur
567 2993 706 3036 terra
730 2985 968 3049 Wrenci,
998 3003 1119 3056 quae
1156 2987 1317 3038 etiam
1350 2988 1519 3039 libera
1544 2997 1641 3051 est,
1685 3008 1783 3058 pro
1818 2990 2033 3041 servitio
2060 2990 2205 3060 quod

455 3070 614 3121 debet
635 3069 823 3133 facere,
850 3089 971 3122 611111
998 3090 1138 3140 equo
1165 3091 1279 3136 suo,
1300 3091 1407 3141 quo
1427 3073 1609 3142 jussus
1634 3073 1801 3124 fuerit
1825 3074 1972 3125 illius
1996 3093 2204 3143 posses-

457 3173 557 3217 sor,
586 3154 722 3205 sicut
746 3155 1110 3223 supradictum
1136 3165 1232 3207 est.

530 3238 671 3289 Duae
734 3239 893 3290 etiam
957 3239 1236 3292 Gilthallae
1287 3248 1413 3291 sunt
1461 3241 1518 3292 in
1566 3242 1751 3293 eadem
1798 3242 1940 3306 villa,
1991 3262 2106 3303 una,
2145 3252 2209 3295 ut

460 3323 853 3390 supradiximus
918 3324 975 3375 in
1036 3324 1336 3388 Santlache,
1389 3342 1512 3394 quae
1561 3335 1779 3379 vocatur
1831 3326 1994 3379 Gilda
2042 3328 2209 3380 sancti

463 3405 702 3460 Martini.

525 3575 535 3599 ¹
562 3575 867 3633 Undoubtedly
887 3592 912 3619 a
932 3577 1046 3634 large
1069 3593 1178 3621 sum.
1243 3579 1292 3620 In
1378 3587 1472 3622 rent
1500 3595 1574 3637 per
1608 3595 1704 3623 acre
1725 3595 1810 3623 was
1844 3582 1944 3639 only
1968 3578 2065 3642 lssssd.
2127 3583 2210 3626 See

466 3631 537 3673 the
562 3632 823 3675 Confessor's
864 3635 995 3691 reign,
1029 3635 1152 3677 when
1192 3635 1293 3678 land
1329 3680 1331 3683 ,
1379 3638 1469 3680 also
1492 3638 1757 3683 Whitaker's
1780 3638 1998 3697 Whalley,
2021 3655 2062 3698 p.
2088 3643 2187 3684 130.

466 3688 584 3731 rated
620 3690 758 3733 rather
802 3691 963 3749 higher‚
1005 3693 1078 3735 the
1119 3708 1294 3750 average
