2398 4152
442 461 468 511 1
478 461 547 511 24
950 472 1231 513 HISTORIA
1275 472 1690 515 FUNDATIONIS

436 603 682 648 sanctum
708 596 1084 648 AEdmundum
1122 606 1477 665 occurrerent.
1555 597 1764 650 Assunt
1799 598 1983 667 itaque
2010 610 2197 652 secum?

432 681 696 732 venientis
723 680 887 732 Alani
913 681 978 731 de
1007 680 1286 750 Bellafago
1323 667 1512 733 armati
1546 682 1908 734 advocatione.
1987 682 2194 735 Conve-

431 765 614 815 niente
648 764 842 815 abbate
880 771 1173 833 utrumque
1212 783 1373 834 super
1409 766 1777 817 conventionis
1811 765 1953 817 inter
1983 786 2073 819 eos
2097 766 2192 819 ha-

431 848 563 899 bitae
587 847 1082 916 transgressionem,
1110 866 1271 917 super
1307 848 1436 900 fidei
1463 856 1519 900 et
1543 849 1856 910 sacramenti
1878 851 2192 919 praevarica-

430 932 596 996 tione,
617 932 825 984 Alanus
850 932 1090 983 medium
1116 951 1170 984 se
1199 951 1490 1002 opponens,
1519 933 1796 985 ecclesiam
1822 934 1887 985 de
1913 933 2190 986 Mendles-

429 1017 553 1068 ham
578 1017 661 1068 sui
680 1016 821 1087 J'uris
857 1035 987 1080 esse,
1020 1024 1076 1068 et
1100 1016 1450 1085 Withgarum
1475 1017 1691 1068 nomine
1719 1016 1930 1069 vicariae
1969 1037 2085 1069 eam
2123 1019 2190 1070 de

430 1119 485 1152 se
522 1110 724 1164 tenere,
761 1120 860 1152 nec
904 1100 1314 1152 conventionem
1348 1101 1413 1152 de
1453 1101 1698 1170 augenda
1730 1101 1988 1170 pensione
2033 1110 2190 1154 extra

428 1204 552 1237 eum
601 1186 799 1237 factam
849 1185 1076 1255 alicujus
1116 1184 1376 1236 momenti
1420 1203 1533 1236 esse
1576 1185 1770 1237 debere
1820 1185 2185 1254 proclamavit.

431 1270 883 1322 Acclamantibus
907 1268 966 1319 in
1005 1268 1124 1319 haec
1156 1267 1444 1336 Withgaro
1485 1276 1541 1320 et
1589 1268 1704 1319 filio
1745 1269 1862 1338 ejus
1899 1268 2184 1333 Nicholao,

423 1355 587 1406 abbas
637 1363 932 1422 utrumque
985 1371 1222 1404 seorsum
1271 1371 1361 1404 eos
1400 1371 1431 1403 a
1474 1353 1612 1404 tanti
1652 1352 1862 1404 sceleris
1906 1353 2192 1405 temeraria

421 1439 844 1508 praesumptione
893 1437 1104 1488 studuit
1145 1455 1410 1499 revocare,
1436 1455 1534 1488 nec
1573 1445 1754 1488 tamen
1789 1437 2042 1506 optinuit.
2121 1437 2188 1490 In

421 1543 519 1576 sua
555 1541 787 1592 namque
825 1521 1125 1591 pertinacia
1160 1521 1513 1572 nihilominus
1550 1522 1919 1590 perdurantes,
1946 1521 2186 1574 Alanum

421 1609 601 1659 omnia
627 1616 885 1676 tanquam
923 1624 994 1657 ex
1031 1623 1216 1656 eorum
1254 1623 1343 1657 ore
1382 1605 1626 1656 locutum
1662 1623 1774 1656 esse
1801 1604 1978 1674 palam
2003 1605 2185 1657 clami-

420 1693 623 1744 tabant.
701 1691 1055 1743 Incurrerunt
1099 1689 1268 1757 igitur
1307 1690 1464 1741 ambo
1498 1689 1834 1740 infidelitatis
1868 1697 1924 1740 et
1956 1689 2183 1759 perjurii

417 1787 618 1842 notam,
645 1776 900 1844 filiusque
935 1774 1105 1844 ipsius
1133 1773 1408 1842 Withgari
1430 1773 1726 1825 Nicholaus
1753 1774 1820 1825 ab
1848 1773 2096 1825 omnibus
2121 1782 2185 1826 ut

415 1862 660 1931 proditor
685 1861 1028 1930 arguebatur,
1059 1877 1221 1928 quem
1259 1858 1537 1910 constabat
1574 1876 1735 1927 super
1770 1857 1877 1909 fide
1916 1858 2055 1909 circa
2091 1859 2184 1910 ab-

414 1947 597 1998 batem
629 1946 717 1997 cui
754 1947 868 2015 jam
910 1945 968 1995 in
1004 1943 1200 1995 faciem
1236 1942 1522 1994 resistebat
1564 1942 1771 2011 integre
1803 1943 2179 2007 conservanda,

415 2049 588 2100 nuper
626 2037 1015 2082 sacramentum
1052 2027 1387 2098 praestitisse.
1465 2026 1623 2078 Licet
1660 2026 1799 2079 tanti
1826 2026 2061 2078 criminis
2085 2046 2182 2080 no-

415 2124 525 2167 tam
561 2116 912 2178 incurrentes,
941 2113 1181 2165 infamiae
1219 2111 1598 2181 multipliciter
1636 2113 1912 2181 subjacere
1937 2111 2181 2165 videren-

417 2208 523 2263 tur,
561 2199 870 2251 nullatenus
912 2207 1093 2250 tamen
1133 2216 1164 2249 a
1198 2196 1534 2265 malignitate
1577 2199 1836 2265 concepta
1868 2196 2179 2265 resipiscere

418 2284 724 2347 voluerunt,
767 2282 947 2334 Alano
985 2282 1043 2333 in
1081 2300 1268 2334 eorum
1308 2280 1622 2332 defensione
1671 2280 2021 2349 pertinaciter
2059 2300 2181 2350 per-

420 2368 660 2421 sistente.
738 2367 974 2419 Dicebat
1012 2366 1155 2418 enim
1179 2365 1499 2433 Withgarus
1535 2363 1774 2415 Alanum
1812 2364 1990 2416 omnia
2026 2366 2181 2433 quasi

422 2472 519 2504 suo
546 2472 635 2504 ore
661 2452 920 2522 proferre,
944 2450 1243 2503 Nicholaus
1266 2468 1391 2501 vero
1425 2467 1479 2500 se
1504 2448 1814 2499 nullatenus
1839 2467 1870 2500 a
1893 2450 2061 2518 patris
2093 2449 2177 2502 sui

424 2538 724 2590 affirmabat
750 2536 974 2589 consilio
1000 2536 1267 2588 recedere.

145 2630 344 2706 Τιιειᾼωῖοε
498 2621 705 2674 Videns
746 2621 910 2673 abbas
954 2639 1043 2672 eos
1082 2619 1139 2671 in
1172 2618 1482 2671 rebellionis
1518 2625 1684 2670 tantae
1727 2618 2020 2671 obstinacia
2057 2638 2178 2689 per-

147 2683 216 2748 {²133
220 2683 332 2757 1323?
424 2707 633 2769 durare,
675 2706 852 2757 noluit
891 2724 1013 2756 cum
1047 2704 1124 2755 eis
1160 2703 1216 2754 in
1250 2703 1389 2754 nihil
1413 2702 1548 2754 utile
1575 2703 1915 2767 contendere,
1945 2722 2177 2755 commo-

421 2791 550 2842 dum
591 2790 839 2859 judicans
889 2797 1104 2858 tempus
1155 2787 1513 2857 opportunius
1563 2795 1864 2856 expectare.
1941 2787 2178 2839 Domino

418 2875 604 2943 itaque
647 2893 772 2942 rege
825 2874 884 2925 in
927 2872 1291 2925 transmarinis
1335 2880 1466 2923 tunc
1505 2872 1763 2940 temporis
1801 2880 2011 2939 agente,
2052 2891 2175 2924 cum

417 2978 541 3010 eum
574 2958 738 3010 abbas
768 2957 823 3008 in
850 2956 1068 3026 propria
1091 2973 1318 3025 persona
1343 2973 1450 3006 non
1471 2963 1653 3023 posset
1677 2954 1842 3018 adire,
1869 2955 2078 3024 aliquos
2103 2975 2175 3008 ex

415 3044 525 3095 suis
551 3061 671 3094 cum
704 3042 1006 3094 litterarum
1042 3057 1258 3091 suarum
1284 3037 1592 3089 testimonio
1619 3038 1686 3089 ad
1711 3057 1836 3089 eum
1862 3040 2173 3105 transmisit,

417 3128 510 3196 qui
549 3127 598 3178 ei
639 3126 758 3178 viva
790 3144 917 3177 voce
955 3125 1036 3176 rei
1071 3131 1238 3192 gestae
1273 3122 1514 3174 ordinem
1552 3123 1869 3191 panderent,
1906 3142 2172 3192 suumque

413 3231 573 3281 super
608 3211 710 3262 hoc
750 3209 1034 3262 consilium
1072 3216 1128 3259 et
1165 3206 1432 3258 auxilium
1474 3214 1798 3275 quaererent.
1877 3206 2174 3276 Occupavit

412 3297 636 3360 interea,
658 3295 947 3362 Withgaro
975 3292 1248 3355 defuncto,
1268 3290 1476 3342 Alanus
1499 3291 1562 3341 de
1589 3290 1870 3359 Bellafago
1897 3291 2172 3343 ecclesiam

413 3381 478 3431 de
499 3380 875 3431 Mendlesham
900 3386 1158 3445 tanquam
1181 3383 1475 3438 vacantem,
1496 3392 1720 3441 eamque
1746 3374 1938 3426 abbate
1966 3383 2022 3426 et
2046 3394 2171 3427 con-

410 3472 576 3515 ventu
614 3464 679 3515 de
715 3462 874 3514 Bello
921 3460 1237 3512 inconsultis
1277 3459 1355 3510 ibi
1392 3458 1601 3527 redegit
1652 3458 1708 3508 in
1760 3459 2167 3527 possessionem,

412 3547 675 3598 Nicholao
712 3548 930 3616 perjuro
970 3544 1243 3612 Withgari
1277 3543 1389 3594 filio
1416 3543 1632 3611 penitus
1670 3542 1962 3595 eliminato.
2043 3545 2170 3599 Quo

410 3630 623 3697 cognito
663 3631 826 3682 abbas
866 3629 1082 3681 domino
1125 3627 1458 3679 Norwicensi
1501 3626 1753 3695 episcopo
1788 3628 2065 3680 ecclesiam
2102 3630 2168 3681 de
