2398 4152
717 472 1076 514 MONASTERH
1122 472 1198 511 DE
1242 471 1443 510 BELLo.
1872 455 1939 508 17

212 595 424 658 debent,
455 604 510 647 et
534 615 598 647 eo
624 595 708 647 die
754 596 1120 663 unusquisque
1147 594 1278 644 duos
1302 611 1462 661 panes
1489 609 1607 642 cum
1633 591 1773 640 bono
1799 608 1938 640 com-

209 679 431 747 panagio
456 679 649 730 habere
676 680 850 730 debet.
929 678 1185 730 Similiter
1210 677 1274 728 ad
1300 685 1448 745 prata
1482 674 1565 725 vel
1591 674 1657 724 ad
1682 672 1937 723 molendi-

209 779 337 812 num
380 762 423 813 si
461 763 686 831 amplius
722 781 879 830 quam
908 764 1115 831 justum
1151 769 1231 811 est
1255 761 1330 811 ire
1355 777 1566 810 necesse
1615 757 1795 819 fuerit,
1831 774 1937 807 non

209 853 481 911 cogantur,
502 847 592 897 sed
610 846 780 914 rogati
800 847 843 897 si
862 853 1083 914 possunt
1102 852 1241 895 eant.
1318 842 1430 896 Qui
1450 860 1572 892 vero
1606 841 1784 908 aliquo
1801 859 1937 908 prae-

207 937 492 996 occupatus
517 930 731 997 negotio
756 930 831 980 ire
858 927 1172 996 nequiverit,
1190 945 1295 977 non
1322 926 1443 976 inde
1469 934 1731 985 causetur,
1759 943 1854 974 nec
1880 924 1935 974 in

204 1010 590 1062 forisfacturam
614 1013 852 1064 ducatur.
916 1011 999 1061 Eo
1019 1011 1178 1060 etiam
1203 1018 1384 1060 tenore
1409 1008 1472 1058 de
1497 1007 1668 1058 brasio
1694 1006 1934 1057 faciendo

205 1094 596 1146 constitutionis
619 1094 753 1145 ratio
780 1094 1006 1144 tenenda
1031 1102 1128 1144 est.

277 1182 533 1235 Homines
566 1192 745 1235 autem
781 1183 946 1251 ipsius
982 1183 1141 1246 villae,
1171 1183 1238 1233 ob
1265 1181 1501 1250 ejusdem
1534 1180 1637 1230 loci
1668 1180 1932 1248 permaxi-

200 1284 338 1317 mam
381 1266 713 1318 excellentiae
756 1266 1083 1334 dignitatem,
1125 1265 1424 1332 Burgenses
1471 1271 1741 1315 vocantur.
1819 1263 1928 1316 Qui

203 1367 322 1400 cum
347 1350 412 1400 ab
430 1351 551 1419 jure
578 1350 1039 1419 consuetudinario
1063 1349 1119 1399 in
1145 1348 1323 1416 aliquo
1348 1347 1685 1409 deviaverint,
1707 1355 1761 1397 et
1779 1346 1931 1397 foris-

203 1433 407 1484 factura
429 1433 507 1484 rei
531 1433 588 1483 in
612 1433 866 1502 placitum
892 1433 1037 1483 ducti
1060 1432 1279 1494 fuerint,
1305 1430 1557 1482 ventilata
1581 1449 1735 1480 causa
1758 1448 1929 1480 coram

189 1517 391 1580 ¹abbate
416 1527 509 1569 aut
532 1517 815 1580 monachis,
837 1536 930 1567 seu
949 1516 1201 1567 ministris
1225 1515 1435 1566 illorum
1451 1514 1689 1576 convicti,
1712 1531 1929 1564 consue-

203 1601 386 1651 tudine
412 1601 574 1669 regali
601 1601 665 1652 de
692 1600 1079 1669 quinquaginta
1103 1599 1282 1650 solidis
1307 1617 1403 1666 pro
1423 1597 1788 1648 emendatione
1809 1615 1928 1664 per-

202 1683 459 1734 solvendis
485 1684 540 1734 in
573 1683 927 1735 misericordia
950 1683 1282 1751 praesidentis
1307 1681 1660 1733 vadimonium
1687 1681 1925 1730 dabunt.¹

200 1766 464 1818 Veniente
506 1775 684 1818 autem
727 1768 917 1818 abbate
956 1766 1160 1817 noviter
1193 1766 1260 1816 ad
1283 1765 1517 1831 regimen
1542 1763 1789 1824 abbatiae,
1831 1781 1927 1830 pro

199 1849 535 1902 libertatibus
578 1850 684 1902 suis
727 1846 1025 1918 burgenses
1063 1850 1297 1919 ejusdem
1342 1848 1442 1898 loci
1486 1847 1663 1898 abbati
1713 1854 1927 1896 centum

201 1933 393 1984 solidos
415 1934 730 2002 persolvent.

270 2016 544 2068 Hactenus
569 2018 634 2068 de
659 2017 741 2068 his
767 2035 887 2085 quae
914 2017 979 2066 ad
1002 2015 1179 2066 villam
1211 2015 1480 2083 pertinent
1502 2013 1924 2081 perstrinximus.

202 2099 360 2151 Nunc
385 2101 451 2151 ad
475 2119 537 2152 ea
562 2119 683 2169 quae
710 2107 834 2151 sunt
858 2107 1012 2151 extra
1026 2098 1203 2150 villam
1226 2099 1362 2150 infra
1396 2099 1604 2166 leugam
1630 2097 1927 2148 describen-

198 2184 264 2234 da
287 2184 570 2236 veniamus.
646 2185 761 2237 Nec
786 2192 1030 2235 causetur
1056 2182 1352 2251 quisquam,
1396 2183 1538 2249 quod
1581 2181 1734 2232 aliter
1769 2199 1927 2248 quam

196 2266 251 2317 in
275 2266 411 2318 libro
458 2268 594 2336 regis
620 2268 939 2328 continetur,
967 2287 1062 2318 nos
1092 2275 1255 2317 terras
1293 2274 1348 2317 et
1392 2265 1643 2317 terminos
1689 2264 1927 2333 ejusdem

198 2350 370 2418 leugae
416 2352 859 2420 descripserimus.
936 2351 1256 2418 Antiquitus
1304 2350 1445 2400 enim
1495 2342 1651 2400 terrae
1691 2348 1927 2416 ejusdem

198 2432 388 2502 leugae,
428 2436 870 2503 quemadmodum
917 2435 973 2485 in
1020 2434 1245 2502 praesato
1287 2434 1424 2500 regis
1463 2432 1599 2482 libro
1649 2431 1927 2498 descriptae

199 2526 340 2579 sunt,
385 2518 773 2580 dividebantur,
818 2536 957 2568 nunc
995 2526 1172 2568 autem
1208 2516 1612 2567 succedentibus
1646 2515 1927 2566 abbatibus

195 2608 357 2668 prout
382 2601 457 2652 eis
480 2601 669 2652 melius
698 2602 865 2652 visum
891 2609 987 2662 est,
1015 2601 1080 2651 ab
1110 2600 1303 2651 eisdem
1343 2599 1524 2651 divisae
1561 2607 1701 2650 sunt.
1777 2598 1928 2649 Divi-

198 2683 342 2734 ditur
374 2684 541 2752 igitur
581 2685 736 2753 leuga
777 2703 871 2753 per
910 2684 1100 2746 wistas,
1145 2703 1266 2752 quae
1307 2684 1422 2734 aliis
1460 2684 1515 2734 in
1558 2683 1686 2735 locis
1710 2683 1926 2750 virgatae

197 2776 467 2819 vocantur.

269 2849 334 2901 In
383 2849 685 2902 Uccheham
734 2860 858 2903 sunt
906 2860 1010 2902 tres
1064 2852 1230 2902 wistae
1270 2851 1326 2901 in
1367 2850 1615 2902 dominio.
1693 2850 1831 2901 Item
1869 2851 1925 2900 in

197 2932 499 2993 Uccheham
537 2944 661 2986 sunt
701 2944 928 3005 quatuor
965 2935 1131 2986 wistae
1170 2944 1225 2986 et
1265 2935 1497 2998 dimidia,
1541 2953 1764 3002 quarum
1804 2953 1925 3002 pos-

193 3035 414 3070 sessores
465 3017 530 3069 de
569 3028 889 3087 unaquaque
939 3019 1160 3086 singulis
1209 3019 1358 3069 annis
1404 3027 1510 3069 tres
1563 3017 1756 3068 solidos
1805 3036 1923 3084 per-

194 3101 411 3164 solvent,
458 3110 514 3154 et
553 3112 740 3170 quarta
788 3103 1075 3154 ebdomada
1123 3111 1235 3153 tota
1274 3121 1426 3153 omne
1472 3120 1604 3170 opus
1656 3101 1798 3168 quod
1847 3101 1923 3150 eis

192 3183 488 3253 injungitur
507 3187 799 3254 perficient.
878 3186 1111 3237 Sabbato
1136 3204 1258 3236 vero
1284 3204 1404 3236 cum
1431 3203 1569 3252 equo
1591 3203 1685 3235 suo
1713 3203 1818 3251 quo
1846 3185 1921 3234 eis

193 3267 489 3336 injungitur
526 3278 767 3337 pergent.

217 3470 219 3473 .
253 3437 265 3462 ¹
288 3437 407 3495 Fifty
427 3438 618 3495 shillings
655 3440 910 3481 constituted
941 3440 1014 3482 the
1093 3440 1161 3482 ble
1182 3439 1278 3493 fine,
1300 3438 1492 3495 imposed
1513 3446 1556 3480 at
1586 3438 1658 3479 the
1691 3437 1918 3479 discretion

191 3492 421 3549 forfeiture,
442 3496 666 3552 according
686 3503 729 3538 to
756 3496 828 3538 the
848 3497 950 3539 laws
972 3498 1019 3538 of
1095 3497 1143 3538 of
1195 3497 1266 3538 the
1316 3495 1448 3551 judge
1482 3511 1493 3547 3
1552 3495 1702 3536 mulcta
1775 3495 1916 3548 lenior,

191 3549 390 3606 Wessex‚
412 3552 475 3594 for
492 3568 516 3595 a
535 3553 689 3596 breach
706 3554 753 3595 of
770 3555 841 3596 the
858 3554 1013 3609 King's
1096 3554 1252 3610 Spelm.
1316 3553 1419 3594 This
1442 3567 1614 3608 passage
1631 3552 1828 3594 confirms
1845 3551 1919 3593 the

190 3621 332 3663 peace.
390 3609 684 3653 Misericordia
703 3626 788 3655 was
824 3626 848 3654 a
883 3611 1014 3654 varia·
1095 3618 1353 3653 correctness
1363 3611 1410 3652 of
1414 3610 1484 3652 Du
1494 3609 1673 3666 Cange’s
1685 3609 1918 3651 definition.

1678 3699 1707 3732 C

1956 1191 2133 1232 Privileges
2155 1192 2193 1223 of

1954 1233 2010 1264 the
2025 1232 2173 1264 inhabit-

1954 1278 2029 1304 ants
2058 1274 2095 1305 of

1954 1314 2078 1346 Battle.

1953 2020 2067 2052 Descri
2092 2020 2164 2053 tion

1948 2063 1986 2094 of
2003 2063 2058 2094 lan

1949 2103 2066 2135 within
2082 2103 2139 2135 the

1948 2144 2059 2185 leuga.
