2398 4152
767 469 1132 511 MONASTERII
1175 470 1254 510 DE
1291 470 1499 512 BELLO.
1915 458 1979 515 71

251 590 420 644 affuit.
495 590 689 643 Multis
727 590 893 660 igitur
932 591 1100 644 causis
1124 591 1325 643 ibidem
1357 590 1620 654 discussiS,
1669 591 1830 643 abbas
1868 593 1982 662 regi

250 674 588 743 praesentiam
631 693 779 726 suam
814 675 1080 740 exhibuit,
1121 683 1354 744 paratuS‚
1396 675 1439 726 si
1467 676 1586 744 quis
1619 675 1792 727 eidem
1833 675 1980 744 quic-

247 776 407 826 quam
431 758 638 810 obicere
678 758 854 822 vellet,
889 761 1036 828 justa
1073 759 1292 810 rationis
1326 759 1580 827 aequitate
1606 778 1702 828 pro
1727 759 1975 811 libertate

246 842 480 894 ecclesiae
519 858 630 893 suae
671 842 930 895 resistere.
1005 842 1304 911 Episcopus
1328 861 1451 893 vero
1476 841 1743 894 nonnullis
1775 842 1975 894 ibidem

246 925 490 978 detentus
532 928 777 996 negotiis,
817 945 990 979 coram
1030 945 1153 995 rege
1192 927 1278 978 die
1319 926 1503 978 eadem
1526 927 1705 978 venire
1745 928 1970 981 distulit.

246 1006 426 1060 Lectis
477 1011 644 1079 igitur
683 1029 857 1062 coram
894 1029 1016 1078 rege
1056 1011 1213 1062 cartis
1246 1018 1301 1061 et
1336 1011 1728 1062 munitionibus
1767 1011 1831 1061 de
1875 1011 1972 1062 hac

241 1092 422 1143 eadem
445 1111 520 1156 re,
560 1113 592 1144 a
632 1112 754 1162 rege
789 1092 1051 1145 Willelmo
1083 1112 1274 1162 magno
1314 1094 1640 1162 subscriptis,
1667 1112 1764 1144 rex
1797 1094 1971 1145 altiori

239 1192 366 1226 usus
406 1176 624 1228 consilio
655 1176 914 1246 praecepit
956 1176 1225 1227 ecclesiam
1268 1176 1432 1227 sancti
1476 1175 1700 1227 Martini
1727 1177 1790 1227 de
1817 1177 1971 1229 Bello

237 1258 302 1309 ab
341 1259 484 1310 omni
531 1261 861 1330 subjectione
903 1267 959 1311 et
998 1261 1277 1312 exactione
1326 1259 1668 1312 Cicestrensis
1716 1260 1967 1329 episcopi,

235 1342 524 1394 secundum
538 1343 677 1411 regis
697 1342 960 1395 Willelmi
986 1351 1040 1394 et
1064 1343 1289 1395 aliorum
1312 1362 1499 1411 regum
1523 1344 1970 1413 praedecessorum

233 1443 449 1477 suorum
498 1435 681 1491 cartaS,
728 1427 948 1478 liberam
997 1427 1211 1478 omnino
1251 1428 1496 1479 existere.
1572 1427 1638 1478 In
1683 1428 1968 1479 crastinum

231 1508 446 1560 licentia
486 1528 518 1561 a
557 1529 682 1579 rege
724 1511 886 1562 abbas
929 1519 1145 1579 accepta
1181 1511 1396 1562 domum
1434 1511 1611 1573 rediit,
1646 1529 1767 1578 rege
1794 1512 1966 1563 eidem

231 1593 609 1660 pronuntiante
659 1613 713 1645 se
755 1594 990 1646 ecclesiae
1034 1596 1097 1646 de
1146 1594 1298 1645 Bello
1348 1595 1486 1646 sicut
1528 1595 1805 1647 dominicae
1855 1615 1965 1648 suae

231 1677 446 1745 capellae
473 1685 526 1728 et
563 1696 768 1730 coronae
791 1679 952 1746 regiae
977 1678 1034 1729 in
1061 1678 1305 1729 omnibus
1332 1679 1479 1747 justa
1514 1679 1818 1730 defensione
1843 1700 1965 1750 pro-

233 1767 488 1811 tectorem
512 1761 644 1812 fore.

305 1843 470 1895 Haud
499 1845 658 1913 longo
676 1846 1014 1914 postmodum
1044 1854 1299 1914 tempore,
1340 1865 1477 1897 anno
1503 1846 1703 1897 scilicet
1728 1846 1964 1898 incarna-
1986 1871 2022 1934 ὅ.
2038 1841 2188 1934 ἑ).21515’4.

228 1928 387 1979 tionis
399 1928 695 1980 Dominicae
713 1929 793 1981 M.
819 1949 861 1981 c.
880 1929 1017 1981 liiii0.
1044 1930 1154 1982 viii.
1172 1930 1420 1980 kalendas
1431 1929 1765 1992 Novembris,
1778 1932 1962 1982 eodem
1986 1913 2098 2017 ξέέτέι
2114 1925 2154 1975 ὁὶ

225 2011 462 2080 piissimo
499 2031 624 2080 rege
660 2013 932 2082 Stephano
966 2033 1036 2065 ex
1060 2014 1158 2065 hac
1181 2014 1299 2065 luce
1327 2015 1613 2076 subtracto,
1642 2021 1696 2064 et
1719 2014 1775 2063 in
1802 2014 1965 2065 eccle·
2026 1996 2066 2026 ep
2093 1995 2148 2017 em

227 2094 304 2144 sia
329 2113 488 2162 quam
512 2096 624 2165 ipse
650 2097 707 2148 in
724 2098 979 2149 honorem
1006 2099 1171 2150 sancti
1199 2098 1483 2150 Salvatoris
1507 2097 1694 2148 mundi
1719 2116 1750 2148 a
1774 2097 1964 2150 funda-

227 2179 420 2230 mentis
469 2188 839 2232 construxerat
881 2183 1025 2250 apud
1064 2182 1396 2234 Faevresham
1438 2182 1720 2244 tumulato,
1763 2183 1964 2251 episco-

225 2280 325 2330 pus
346 2270 554 2332 tempus
571 2272 634 2316 ut
658 2265 760 2316 sibi
775 2265 1055 2317 videbatur
1075 2275 1436 2335 opportunum
1454 2274 1657 2327 nactUS,
1681 2284 1787 2333 quo
1814 2285 1962 2318 suam

224 2346 291 2396 ad
337 2346 553 2399 libitum
601 2358 1016 2418 prosequeretur
1064 2369 1289 2413 causam,
1339 2350 1655 2419 praedictum
1714 2349 1959 2401 abbatem

229 2427 535 2482 Cicestriam
582 2432 660 2483 ire
720 2434 1101 2485 summonitum
1155 2453 1253 2485 nec
1300 2434 1602 2485 venientem
1652 2433 1706 2482 in
1756 2433 1956 2500 synodo

226 2514 485 2583 solempni
524 2518 1018 2568 excommunicavit.
1098 2517 1261 2571 Quod
1301 2517 1515 2585 quidam
1542 2517 1605 2567 de
1634 2516 1957 2568 Ierosolimi-

222 2598 358 2647 tanis
381 2598 633 2650 fratribus
660 2600 724 2650 de
753 2600 976 2668 Templo
1003 2601 1202 2652 scilicet
1225 2601 1425 2652 ibidem
1446 2600 1678 2651 existens
1712 2618 1832 2650 cum
1871 2618 1955 2650 ac-

223 2680 464 2750 cepisset,
491 2682 827 2733 Lundoniam
852 2684 1165 2736 festinanter
1198 2684 1445 2747 tetendit,
1475 2684 1569 2734 ubi
1595 2692 1722 2734 tunc
1748 2692 1954 2751 tempo-

220 2764 292 2814 ris
316 2765 477 2815 abbas
501 2764 806 2832 praedictUS,
827 2773 1096 2833 praecepto
1122 2763 1435 2815 venerabilis
1459 2763 1759 2815 Cantuariae
1785 2764 1948 2814 archi-

221 2846 454 2915 episcopi
487 2846 798 2910 Teodbaldi,
837 2866 957 2898 cum
997 2848 1226 2915 quodam
1255 2847 1418 2897 fratre
1450 2865 1545 2897 suo
1577 2865 1647 2897 ex
1679 2847 1950 2898 nobilibus

222 2929 432 2997 Angliae
458 2929 690 2981 Ricardo
716 2931 780 2981 de
806 2929 943 2981 Luci
967 2930 1197 2993 nomine,
1238 2930 1522 2981 adventum
1562 2929 1784 2980 Henrici
1811 2930 1951 2981 Nor-

220 3030 530 3064 mannorum
572 3013 719 3064 ducis
761 3014 899 3081 regis
924 3013 1095 3063 futuri
1122 3021 1407 3081 expectans
1439 3013 1759 3075 morabatur,
1787 3022 1948 3080 atque

215 3094 313 3146 hoc
335 3097 571 3165 ejusdem
595 3096 814 3148 Ricardi
853 3097 1069 3148 auribus
1104 3097 1307 3164 pandit.
1384 3096 1510 3149 Quo
1530 3097 1730 3153 audito,
1763 3096 1948 3146 Ricar-

218 3178 319 3230 dus
339 3198 458 3230 cum
481 3180 736 3247 praedicto
762 3181 952 3232 abbate
979 3182 1139 3232 fratre
1167 3200 1262 3232 suo
1296 3181 1523 3241 locutus,
1559 3180 1673 3229 haec
1700 3187 1762 3230 ut
1797 3189 1948 3231 erant

215 3261 606 3331 archiepiscopo
646 3263 841 3314 referre
881 3283 989 3315 non
1023 3263 1247 3314 distulit.
1325 3262 1725 3313 Communicato
1763 3262 1945 3329 itaque

217 3345 433 3396 consilio
463 3347 608 3397 misit
642 3348 783 3398 idem
818 3348 1133 3399 venerabilis
1175 3355 1328 3415 pater
1355 3346 1618 3413 quendam
1650 3364 1719 3395 ex
1744 3346 1946 3397 clericis

217 3427 323 3477 suis
369 3428 702 3481 Salomonem
743 3431 955 3481 nomine
995 3431 1060 3480 ad
1100 3431 1422 3498 episcopum,
1450 3429 1700 3480 mandans
1727 3429 1775 3478 ei
1802 3431 1946 3497 quod

216 3510 404 3562 abbate
454 3532 631 3564 secum
681 3514 897 3564 detento
942 3513 1141 3563 domini
1193 3513 1274 3563 sui
1318 3511 1489 3562 futuri
1534 3510 1754 3561 Henrici
1798 3512 1945 3562 ducis

215 3591 521 3648 Lundonias
561 3597 875 3665 expectabat
915 3597 1214 3647 adventum.
1292 3595 1448 3646 Unde
1484 3595 1780 3646 mandando
1804 3595 1945 3646 vole-
