2398 4152
694 488 1062 532 MONASTERH
1105 492 1184 531 DE
1228 484 1434 533 BELLo.
1855 478 1922 535 67

190 628 367 662 versus
392 609 606 663 intulit:
635 615 671 640 “
688 612 1032 682 Nunquam‚’'
1058 614 1322 684 inquiens,
1352 618 1386 642 “
1408 622 1461 666 te
1488 614 1707 677 diutius,
1737 614 1785 666 O
1806 633 1920 677 rex,

190 711 435 744 coronam
484 693 700 763 Angliae
749 696 887 748 ferre
943 697 1062 748 Deo
1126 698 1196 749 sit
1242 698 1515 766 placitum,
1567 699 1611 749 si
1660 698 1922 749 tantillam

192 776 427 829 ecclesiae
451 788 647 831 nostrae
672 780 989 845 libertatem,
1011 802 1042 833 a
1071 802 1195 851 rege
1221 783 1495 834 Willelmo
1520 790 1576 834 et
1599 783 1665 833 ab
1690 782 1807 833 aliis
1829 801 1922 834 an—

189 864 535 915 tecessoribus
551 865 660 916 tuis
684 866 900 934 regibus
926 866 1101 917 datam
1127 876 1182 917 et
1198 867 1523 917 observatam
1546 866 1922 918 destruxeris.”

188 944 393 997 Verum
432 948 622 1000 abbate
666 949 806 1001 diem
852 950 1201 1001 constitutum
1245 951 1572 1012 observante,
1614 958 1737 1001 ante
1782 950 1923 1000 diem

188 1038 498 1097 sequentem
538 1050 608 1082 ex
645 1041 795 1100 parte
836 1033 1215 1101 archiepiscopi
1254 1033 1433 1084 nullus
1459 1033 1687 1085 advenit.
1765 1032 1922 1083 Unde

189 1115 613 1181 transgressionis
646 1115 852 1184 judicio
893 1116 1333 1178 obmutescentes,
1375 1134 1496 1166 cum
1534 1115 1775 1166 frustrati
1819 1117 1924 1166 dis-

187 1197 478 1260 cessissent,
517 1198 715 1249 iterum
749 1199 817 1249 ad
840 1199 1008 1266 regias
1036 1217 1188 1249 aures
1211 1199 1374 1268 hujus
1398 1199 1476 1250 rei
1503 1199 1833 1267 querimonia
1856 1200 1921 1250 ab

184 1279 574 1349 archiepiscopo
624 1281 798 1332 delata
846 1289 942 1333 est.
1034 1281 1218 1333 Abbas
1266 1283 1463 1333 iterum
1505 1283 1783 1333 mandatus
1831 1283 1922 1333 ad-

183 1363 345 1426 venit,
390 1364 665 1433 causisque
708 1365 966 1433 expositis
1008 1384 1039 1416 a
1063 1366 1329 1416 communi
1369 1384 1614 1418 consessu
1653 1366 1920 1434 adjudica-

182 1454 298 1497 tum
323 1455 420 1510 est,
447 1448 693 1499 abbatem
717 1467 865 1499 suam
886 1467 1093 1500 causam
1120 1449 1479 1512 dirationasse,
1506 1467 1603 1500 nec
1629 1449 1694 1499 ab
1717 1449 1919 1499 archie-

180 1531 396 1600 piscopo
437 1531 562 1583 hinc
603 1532 837 1601 aliquam
879 1533 1231 1601 calumpniam
1279 1533 1503 1584 ulterius
1545 1533 1658 1602 pati
1703 1533 1914 1585 debere.

181 1617 366 1687 Atque
392 1621 448 1671 in
485 1620 567 1671 his
593 1621 766 1672 soluta
790 1622 951 1684 curia,
979 1622 1203 1690 singulis
1242 1623 1297 1673 in
1324 1640 1418 1673 sua
1456 1622 1722 1689 regressis,
1768 1640 1915 1672 reve-

180 1704 376 1755 rendus
415 1705 576 1756 abbas
599 1705 714 1756 haec
741 1706 917 1756 omnia
940 1706 1080 1756 unde
1107 1706 1283 1774 agitur
1306 1724 1403 1774 pro
1427 1705 1589 1756 libitu
1615 1705 1916 1773 disponens,

181 1786 451 1855 aliquibus
492 1789 792 1857 sumptibus
820 1790 914 1858 qui
939 1789 1149 1858 appulsi
1173 1790 1384 1840 fuerant
1409 1788 1838 1857 archipraesulem
1864 1796 1919 1839 et

183 1889 303 1922 suos
327 1872 639 1940 pacificavit,
665 1874 936 1942 praecipua
975 1882 1152 1924 tamen
1192 1873 1405 1924 sibimet
1438 1881 1493 1923 et
1533 1890 1644 1923 suae
1681 1872 1916 1923 ecclesiae

182 1954 246 2005 de
274 1955 427 2006 Bello
447 1955 688 2018 retinuit,
706 1957 887 2025 sicque
911 1956 1074 2025 hujus
1097 1958 1175 2009 rei
1216 1956 1546 2024 querimonia
1572 1956 1793 2023 quievit.

247 2037 331 2088 Eo
373 2046 610 2107 tempore
651 2040 939 2091 venerabili
994 2041 1106 2091 viro
1152 2040 1382 2091 Seifrido
1437 2040 1683 2108 episcopo
1733 2058 1911 2091 succe-

178 2121 334 2172 dente
372 2122 428 2172 in
467 2122 768 2173 cathedram
792 2121 1173 2175 Cicestrensem
1210 2124 1322 2175 viro
1352 2124 1628 2191 magnifico
1661 2123 1911 2186 Hilario,1

180 2206 274 2273 qui
325 2205 584 2257 Romanae
618 2206 780 2257 curiae
815 2208 1062 2259 notitiam
1100 2226 1158 2258 ac
1183 2207 1416 2259 favorem
1458 2207 1750 2276 plurimum
1776 2207 1913 2258 obti-

177 2297 384 2353 nuerat,
425 2291 592 2359 coepit
629 2298 978 2342 memoratum
1002 2291 1148 2342 Belli
1173 2291 1550 2344 monasterium
1591 2291 1646 2341 in
1684 2291 1912 2357 dignita-

177 2373 321 2424 tibus
346 2373 471 2436 suis,
495 2375 827 2442 quorundam
859 2374 1196 2438 emulatione,
1233 2375 1464 2443 plurima
1488 2374 1601 2442 pati
1621 2373 1908 2425 molimina.

179 2455 263 2507 De
309 2458 521 2525 quibus,
550 2458 676 2526 quia
710 2476 816 2508 non
848 2458 1199 2526 incongruum
1237 2458 1465 2520 videtur,
1513 2457 1671 2507 latius
1695 2475 1789 2525 per
1809 2457 1914 2507 sin-

178 2539 303 2607 gula
328 2541 707 2609 disputandum
734 2549 829 2592 est.
904 2541 1027 2592 Erit
1061 2542 1202 2591 enim
1221 2542 1576 2610 praesentibus
1596 2542 1909 2610 jocundum,

176 2622 372 2674 futuris
423 2624 572 2688 utile,
618 2643 989 2692 summumque
1017 2626 1336 2694 dignitatum
1388 2626 1624 2694 ejusdem
1678 2625 1911 2675 ecclesiae

176 2707 342 2758 sancti
367 2706 591 2759 Martini
619 2708 683 2759 de
710 2707 865 2760 Bello
889 2709 1210 2772 memoriale,
1250 2716 1411 2777 atque
1438 2709 1504 2759 ad
1536 2709 1912 2777 perpetuitatis

173 2792 558 2843 monimentum
619 2800 799 2843 contra
850 2793 1239 2860 insurgentium
1299 2793 1564 2844 machinas
1612 2793 1911 2843 invidorum

175 2884 384 2926 scutum
408 2876 840 2945 inexpugnabile.
916 2876 1057 2927 Nam
1080 2895 1176 2945 per
1200 2877 1491 2945 plurimum
1511 2877 1765 2945 temporis
1789 2895 1911 2944 pro-

175 2959 283 3011 vidi
323 2960 528 3011 abbatis
569 2959 820 3012 Walterii
859 2961 1118 3029 patientia
1156 2969 1501 3029 protractum,
1545 2979 1665 3011 cum
1706 2978 1911 3027 semper

173 3043 559 3112 insurgentium
590 3062 671 3095 ars
694 3044 1008 3095 multimoda
1043 3045 1202 3096 simili
1231 3054 1519 3096 cassaretur
1544 3052 1673 3108 arte,
1701 3045 1911 3095 tandem

237 3205 249 3231 ¹
277 3205 538 3248 Nominated
564 3214 608 3248 to
640 3206 713 3248 the
728 3221 798 3248 see
820 3206 868 3248 of
894 3206 995 3248 Chi-

176 3261 340 3305 chester
374 3263 418 3305 in
453 3266 576 3318 1146,
612 3264 689 3306 but
736 3271 809 3305 not
849 3278 997 3305 conse-

178 3320 317 3362 crated
331 3320 439 3362 until
459 3323 586 3364 1148.
633 3322 672 3363 A
694 3335 868 3377 passage
890 3320 998 3362 from

174 3376 245 3418 the
268 3377 543 3421 Continuator
557 3378 604 3420 of
619 3379 802 3435 Symeon
824 3377 871 3419 of
888 3377 998 3419 Dur-

173 3432 271 3476 ham
294 3435 541 3478 establishes
573 3435 646 3477 the
669 3435 933 3477 observation
955 3435 998 3475 in

174 3490 246 3532 the
262 3498 353 3534 text
367 3492 414 3534 of
425 3492 508 3534 this
523 3492 717 3549 prelate's
738 3493 884 3534 favour
897 3491 999 3533 with

175 3546 245 3589 the
273 3556 391 3591 court
425 3550 472 3591 of
498 3551 660 3593 Rome:
694 3551 722 3574 “
742 3549 933 3591 Hilarius
957 3549 999 3589 in

172 3605 404 3649 ministerio
454 3607 629 3650 Henrici
665 3607 851 3664 episcopi
876 3606 999 3648 Win-

1081 3206 1286 3248 toniensis
1307 3206 1537 3262 plurimum
1557 3204 1701 3261 gloriae
1721 3204 1908 3260 pretium

1082 3264 1276 3305 emeruit.
1339 3263 1494 3304 Postea
1538 3262 1590 3304 ad
1622 3261 1908 3303 ministerium

1080 3320 1301 3376 apostolici
1338 3319 1577 3373 translatus,
1615 3319 1658 3361 in
1682 3317 1909 3360 reddendis

1081 3385 1124 3419 et
1169 3377 1470 3433 prosequendis
1506 3377 1643 3418 causis
1681 3376 1910 3417 advocatus

1082 3434 1397 3485 disertissimus,
1421 3442 1461 3475 et
1484 3432 1814 3488 jurisconsultus
1838 3446 1911 3489 pe-

1080 3492 1185 3533 ritus
1238 3492 1282 3533 in
1347 3492 1461 3534 curia
1532 3491 1613 3533 fuit
1676 3489 1911 3533 Romana.”

1666 3677 1737 3716 52
