<?xml version="1.0" encoding="UTF-8"?>
<!DOCTYPE html PUBLIC "-//W3C//DTD XHTML 1.0 Transitional//EN"
    "http://www.w3.org/TR/xhtml1/DTD/xhtml1-transitional.dtd">
<html xmlns="http://www.w3.org/1999/xhtml" xml:lang="en" lang="en">
 <head>
  <title>
</title>
<meta http-equiv="Content-Type" content="text/html;charset=utf-8" />
  <meta name='ocr-system' content='tesseract 3.04.00' />
  <meta name='ocr-capabilities' content='ocr_page ocr_carea ocr_par ocr_line ocrx_word'/>
</head>
<body>
  <div class='ocr_page' id='page_1' title='image "./chroniconmonaste00battuoft_0101.png"; bbox 0 0 2398 4152; ppageno 0'>
   <div class='ocr_carea' id='block_1_1' title="bbox 681 436 1899 492">
    <p class='ocr_par' dir='ltr' id='par_1_1' title="bbox 681 436 1899 492">
     <span class='ocr_line' id='line_1_1' title="bbox 681 436 1899 492; baseline -0.004 -1"><span class='ocrx_word' id='word_1_1' title='bbox 681 449 1046 492; x_wconf 79' lang='lat' dir='ltr'>MONASTERH</span> <span class='ocrx_word' id='word_1_2' title='bbox 1082 449 1163 489; x_wconf 83' lang='lat' dir='ltr'>DE</span> <span class='ocrx_word' id='word_1_3' title='bbox 1206 449 1411 489; x_wconf 81' lang='lat' dir='ltr'>BELLo.</span> <span class='ocrx_word' id='word_1_4' title='bbox 1834 436 1899 486; x_wconf 86' lang='lat'>59</span> 
     </span>
    </p>
   </div>
   <div class='ocr_carea' id='block_1_2' title="bbox 0 0 158 563">
    <p class='ocr_par' dir='ltr' id='par_1_2' title="bbox 0 0 158 563">
     <span class='ocr_line' id='line_1_2' title="bbox 0 0 158 563; baseline 0 3589"><span class='ocrx_word' id='word_1_5' title='bbox 0 0 158 563; x_wconf 95' lang='lat' dir='ltr'> </span> 
     </span>
    </p>
   </div>
   <div class='ocr_carea' id='block_1_3' title="bbox 176 569 2142 3635">
    <p class='ocr_par' dir='ltr' id='par_1_3' title="bbox 176 569 2142 3635">
     <span class='ocr_line' id='line_1_3' title="bbox 179 569 1905 641; baseline -0.003 -15"><span class='ocrx_word' id='word_1_6' title='bbox 179 593 286 626; x_wconf 93' lang='lat' dir='ltr'>non</span> <span class='ocrx_word' id='word_1_7' title='bbox 327 575 412 626; x_wconf 90' lang='lat' dir='ltr'>sit.</span> <span class='ocrx_word' id='word_1_8' title='bbox 510 573 602 626; x_wconf 91' lang='lat' dir='ltr'>Ad</span> <span class='ocrx_word' id='word_1_9' title='bbox 656 573 863 641; x_wconf 90' lang='lat' dir='ltr'>singula</span> <span class='ocrx_word' id='word_1_10' title='bbox 904 572 1045 624; x_wconf 91' lang='lat' dir='ltr'>enim</span> <span class='ocrx_word' id='word_1_11' title='bbox 1087 571 1370 632; x_wconf 89' lang='lat' dir='ltr'>recitanda,</span> <span class='ocrx_word' id='word_1_12' title='bbox 1416 569 1596 621; x_wconf 90' lang='lat' dir='ltr'>nullus</span> <span class='ocrx_word' id='word_1_13' title='bbox 1640 570 1905 621; x_wconf 87' lang='lat' dir='ltr'>sufficeret</span> 
     </span>
     <span class='ocr_line' id='line_1_4' title="bbox 178 652 1906 724; baseline -0.003 -16"><span class='ocrx_word' id='word_1_14' title='bbox 178 675 364 708; x_wconf 88' lang='lat' dir='ltr'>sermo.</span> <span class='ocrx_word' id='word_1_15' title='bbox 437 656 472 707; x_wconf 90' lang='lat' dir='ltr'><strong>J</strong></span> <span class='ocrx_word' id='word_1_16' title='bbox 474 657 647 724; x_wconf 88' lang='lat' dir='ltr'>ugiter</span> <span class='ocrx_word' id='word_1_17' title='bbox 669 657 850 724; x_wconf 88' lang='lat' dir='ltr'>itaque</span> <span class='ocrx_word' id='word_1_18' title='bbox 877 655 1208 706; x_wconf 90' lang='lat' dir='ltr'>subditorum</span> <span class='ocrx_word' id='word_1_19' title='bbox 1233 653 1484 721; x_wconf 80' lang='lat' dir='ltr'>praelatus</span> <span class='ocrx_word' id='word_1_20' title='bbox 1522 652 1656 704; x_wconf 92' lang='lat' dir='ltr'>inibi</span> <span class='ocrx_word' id='word_1_21' title='bbox 1694 653 1906 703; x_wconf 79' lang='lat' dir='ltr'><strong>servivit</strong></span> 
     </span>
     <span class='ocr_line' id='line_1_5' title="bbox 176 735 1904 807; baseline -0.003 -17"><span class='ocrx_word' id='word_1_22' title='bbox 176 739 428 803; x_wconf 83' lang='lat' dir='ltr'>moribuS,</span> <span class='ocrx_word' id='word_1_23' title='bbox 471 739 605 790; x_wconf 92' lang='lat' dir='ltr'>nulli</span> <span class='ocrx_word' id='word_1_24' title='bbox 646 738 923 807; x_wconf 89' lang='lat' dir='ltr'>imperavit</span> <span class='ocrx_word' id='word_1_25' title='bbox 966 746 1028 788; x_wconf 89' lang='lat' dir='ltr'>ut</span> <span class='ocrx_word' id='word_1_26' title='bbox 1069 737 1328 788; x_wconf 90' lang='lat' dir='ltr'>dominus.</span> <span class='ocrx_word' id='word_1_27' title='bbox 1422 736 1638 786; x_wconf 90' lang='lat' dir='ltr'>Infirma</span> <span class='ocrx_word' id='word_1_28' title='bbox 1680 735 1904 786; x_wconf 89' lang='lat' dir='ltr'>aliorum</span> 
     </span>
     <span class='ocr_line' id='line_1_6' title="bbox 178 818 1901 890; baseline -0.004 -16"><span class='ocrx_word' id='word_1_29' title='bbox 178 822 447 885; x_wconf 74' lang='lat' dir='ltr'><strong>sustinuit,</strong></span> <span class='ocrx_word' id='word_1_30' title='bbox 475 823 541 873; x_wconf 88' lang='lat' dir='ltr'>ad</span> <span class='ocrx_word' id='word_1_31' title='bbox 582 822 742 873; x_wconf 90' lang='lat' dir='ltr'>fortia</span> <span class='ocrx_word' id='word_1_32' title='bbox 779 820 1093 890; x_wconf 87' lang='lat' dir='ltr'>provocavit.</span> <span class='ocrx_word' id='word_1_33' title='bbox 1171 819 1322 870; x_wconf 86' lang='lat' dir='ltr'>Fecit</span> <span class='ocrx_word' id='word_1_34' title='bbox 1363 819 1475 888; x_wconf 88' lang='lat' dir='ltr'>ipse</span> <span class='ocrx_word' id='word_1_35' title='bbox 1519 819 1663 886; x_wconf 92' lang='lat' dir='ltr'>quod</span> <span class='ocrx_word' id='word_1_36' title='bbox 1702 818 1901 880; x_wconf 91' lang='lat' dir='ltr'>docuit,</span> 
     </span>
     <span class='ocr_line' id='line_1_7' title="bbox 180 901 1908 974; baseline -0.003 -17"><span class='ocrx_word' id='word_1_37' title='bbox 180 905 291 957; x_wconf 89' lang='lat' dir='ltr'>vita</span> <span class='ocrx_word' id='word_1_38' title='bbox 314 905 603 957; x_wconf 86' lang='lat' dir='ltr'>doctrinam</span> <span class='ocrx_word' id='word_1_39' title='bbox 638 903 911 974; x_wconf 84' lang='lat' dir='ltr'>praevenit.</span> <span class='ocrx_word' id='word_1_40' title='bbox 986 902 1242 952; x_wconf 89' lang='lat' dir='ltr'>Divinum</span> <span class='ocrx_word' id='word_1_41' title='bbox 1285 903 1351 952; x_wconf 88' lang='lat' dir='ltr'>ad</span> <span class='ocrx_word' id='word_1_42' title='bbox 1393 902 1624 952; x_wconf 88' lang='lat' dir='ltr'>officium</span> <span class='ocrx_word' id='word_1_43' title='bbox 1656 901 1908 951; x_wconf 87' lang='lat' dir='ltr'>festinan-</span> 
     </span>
     <span class='ocr_line' id='line_1_8' title="bbox 182 985 1907 1054; baseline -0.002 -14"><span class='ocrx_word' id='word_1_44' title='bbox 182 989 310 1040; x_wconf 89' lang='lat' dir='ltr'>dum</span> <span class='ocrx_word' id='word_1_45' title='bbox 335 989 572 1051; x_wconf 91' lang='lat' dir='ltr'>docebat,</span> <span class='ocrx_word' id='word_1_46' title='bbox 598 996 744 1039; x_wconf 83' lang='lat' dir='ltr'>artus</span> <span class='ocrx_word' id='word_1_47' title='bbox 768 986 956 1037; x_wconf 85' lang='lat' dir='ltr'>seniles</span> <span class='ocrx_word' id='word_1_48' title='bbox 982 985 1170 1036; x_wconf 88' lang='lat' dir='ltr'>baculo</span> <span class='ocrx_word' id='word_1_49' title='bbox 1208 993 1505 1036; x_wconf 90' lang='lat' dir='ltr'>sustentans</span> <span class='ocrx_word' id='word_1_50' title='bbox 1536 987 1758 1054; x_wconf 88' lang='lat' dir='ltr'>juvenes</span> <span class='ocrx_word' id='word_1_51' title='bbox 1794 986 1907 1054; x_wconf 93' lang='lat' dir='ltr'>ipse</span> 
     </span>
     <span class='ocr_line' id='line_1_9' title="bbox 181 1068 1907 1140; baseline -0.002 -18"><span class='ocrx_word' id='word_1_52' title='bbox 181 1072 529 1140; x_wconf 85' lang='lat' dir='ltr'>praecedebat.</span> <span class='ocrx_word' id='word_1_53' title='bbox 623 1070 832 1122; x_wconf 83' lang='lat' dir='ltr'>Primus</span> <span class='ocrx_word' id='word_1_54' title='bbox 892 1068 1050 1119; x_wconf 93' lang='lat' dir='ltr'>choro</span> <span class='ocrx_word' id='word_1_55' title='bbox 1110 1068 1304 1130; x_wconf 90' lang='lat' dir='ltr'>aderat,</span> <span class='ocrx_word' id='word_1_56' title='bbox 1353 1077 1650 1138; x_wconf 85' lang='lat' dir='ltr'>postremus</span> <span class='ocrx_word' id='word_1_57' title='bbox 1710 1069 1907 1119; x_wconf 87' lang='lat' dir='ltr'>aberat.</span> 
     </span>
     <span class='ocr_line' id='line_1_10' title="bbox 186 1150 1912 1221; baseline -0.003 -16"><span class='ocrx_word' id='word_1_58' title='bbox 186 1154 314 1205; x_wconf 88' lang='lat' dir='ltr'>Fuit</span> <span class='ocrx_word' id='word_1_59' title='bbox 351 1172 475 1221; x_wconf 90' lang='lat' dir='ltr'>ergo</span> <span class='ocrx_word' id='word_1_60' title='bbox 513 1152 639 1204; x_wconf 89' lang='lat' dir='ltr'>vitae</span> <span class='ocrx_word' id='word_1_61' title='bbox 682 1170 881 1214; x_wconf 90' lang='lat' dir='ltr'>norma,</span> <span class='ocrx_word' id='word_1_62' title='bbox 917 1151 1024 1201; x_wconf 91' lang='lat' dir='ltr'>fuit</span> <span class='ocrx_word' id='word_1_63' title='bbox 1050 1150 1266 1200; x_wconf 86' lang='lat' dir='ltr'>Martha</span> <span class='ocrx_word' id='word_1_64' title='bbox 1302 1158 1357 1200; x_wconf 91' lang='lat' dir='ltr'>et</span> <span class='ocrx_word' id='word_1_65' title='bbox 1381 1150 1571 1202; x_wconf 90' lang='lat' dir='ltr'>Maria.</span> <span class='ocrx_word' id='word_1_66' title='bbox 1634 1151 1765 1202; x_wconf 86' lang='lat' dir='ltr'>Fuit</span> <span class='ocrx_word' id='word_1_67' title='bbox 1806 1169 1912 1201; x_wconf 92' lang='lat' dir='ltr'>ser-</span> 
     </span>
     <span class='ocr_line' id='line_1_11' title="bbox 183 1234 1911 1309; baseline -0.005 -18"><span class='ocrx_word' id='word_1_68' title='bbox 183 1258 315 1309; x_wconf 90' lang='lat' dir='ltr'>pens</span> <span class='ocrx_word' id='word_1_69' title='bbox 363 1247 420 1290; x_wconf 89' lang='lat' dir='ltr'>et</span> <span class='ocrx_word' id='word_1_70' title='bbox 467 1237 725 1300; x_wconf 88' lang='lat' dir='ltr'>columba,</span> <span class='ocrx_word' id='word_1_71' title='bbox 773 1237 880 1287; x_wconf 90' lang='lat' dir='ltr'>fuit</span> <span class='ocrx_word' id='word_1_72' title='bbox 929 1235 1048 1286; x_wconf 91' lang='lat' dir='ltr'>Noe</span> <span class='ocrx_word' id='word_1_73' title='bbox 1096 1235 1234 1285; x_wconf 92' lang='lat' dir='ltr'>inter</span> <span class='ocrx_word' id='word_1_74' title='bbox 1280 1235 1464 1286; x_wconf 88' lang='lat' dir='ltr'>undas.</span> <span class='ocrx_word' id='word_1_75' title='bbox 1540 1234 1666 1285; x_wconf 92' lang='lat' dir='ltr'>Non</span> <span class='ocrx_word' id='word_1_76' title='bbox 1725 1242 1911 1301; x_wconf 88' lang='lat' dir='ltr'>sponte</span> 
     </span>
     <span class='ocr_line' id='line_1_12' title="bbox 188 1316 1914 1389; baseline -0.004 -16"><span class='ocrx_word' id='word_1_77' title='bbox 188 1340 402 1373; x_wconf 89' lang='lat' dir='ltr'>corvum</span> <span class='ocrx_word' id='word_1_78' title='bbox 431 1321 622 1385; x_wconf 84' lang='lat' dir='ltr'>amisit,</span> <span class='ocrx_word' id='word_1_79' title='bbox 650 1327 838 1389; x_wconf 90' lang='lat' dir='ltr'>sponte</span> <span class='ocrx_word' id='word_1_80' title='bbox 868 1319 1171 1370; x_wconf 87' lang='lat' dir='ltr'>columbam</span> <span class='ocrx_word' id='word_1_81' title='bbox 1213 1317 1440 1368; x_wconf 85' lang='lat' dir='ltr'>admisit.</span> <span class='ocrx_word' id='word_1_82' title='bbox 1519 1316 1690 1367; x_wconf 85' lang='lat' dir='ltr'>Rexit</span> <span class='ocrx_word' id='word_1_83' title='bbox 1717 1317 1914 1367; x_wconf 90' lang='lat' dir='ltr'>munda</span> 
     </span>
     <span class='ocr_line' id='line_1_13' title="bbox 188 1399 1914 1471; baseline -0.005 -14"><span class='ocrx_word' id='word_1_84' title='bbox 188 1414 244 1457; x_wconf 92' lang='lat' dir='ltr'>et</span> <span class='ocrx_word' id='word_1_85' title='bbox 266 1404 552 1467; x_wconf 90' lang='lat' dir='ltr'>immunda,</span> <span class='ocrx_word' id='word_1_86' title='bbox 578 1411 751 1454; x_wconf 90' lang='lat' dir='ltr'>rector</span> <span class='ocrx_word' id='word_1_87' title='bbox 774 1402 1006 1471; x_wconf 89' lang='lat' dir='ltr'>prudens</span> <span class='ocrx_word' id='word_1_88' title='bbox 1031 1401 1097 1451; x_wconf 90' lang='lat' dir='ltr'>ad</span> <span class='ocrx_word' id='word_1_89' title='bbox 1123 1401 1340 1452; x_wconf 88' lang='lat' dir='ltr'>diversa.</span> <span class='ocrx_word' id='word_1_90' title='bbox 1420 1399 1586 1451; x_wconf 89' lang='lat' dir='ltr'>Cham</span> <span class='ocrx_word' id='word_1_91' title='bbox 1622 1400 1770 1450; x_wconf 89' lang='lat' dir='ltr'>novit</span> <span class='ocrx_word' id='word_1_92' title='bbox 1796 1418 1914 1467; x_wconf 90' lang='lat' dir='ltr'>per-</span> 
     </span>
     <span class='ocr_line' id='line_1_14' title="bbox 187 1483 1916 1555; baseline -0.004 -16"><span class='ocrx_word' id='word_1_93' title='bbox 187 1489 343 1550; x_wconf 91' lang='lat' dir='ltr'>ferre,</span> <span class='ocrx_word' id='word_1_94' title='bbox 373 1488 495 1539; x_wconf 90' lang='lat' dir='ltr'>Sem</span> <span class='ocrx_word' id='word_1_95' title='bbox 521 1495 576 1538; x_wconf 89' lang='lat' dir='ltr'>et</span> <span class='ocrx_word' id='word_1_96' title='bbox 599 1487 633 1538; x_wconf 89' lang='lat' dir='ltr'><strong>J</strong></span> <span class='ocrx_word' id='word_1_97' title='bbox 635 1486 796 1555; x_wconf 90' lang='lat' dir='ltr'>aphet</span> <span class='ocrx_word' id='word_1_98' title='bbox 819 1485 1188 1536; x_wconf 90' lang='lat' dir='ltr'>benedictione</span> <span class='ocrx_word' id='word_1_99' title='bbox 1215 1485 1424 1535; x_wconf 88' lang='lat' dir='ltr'>donare.</span> <span class='ocrx_word' id='word_1_100' title='bbox 1500 1483 1694 1533; x_wconf 88' lang='lat' dir='ltr'>Factus</span> <span class='ocrx_word' id='word_1_101' title='bbox 1733 1491 1814 1533; x_wconf 92' lang='lat' dir='ltr'>est</span> <span class='ocrx_word' id='word_1_102' title='bbox 1837 1483 1916 1533; x_wconf 90' lang='lat' dir='ltr'>vir</span> 
     </span>
     <span class='ocr_line' id='line_1_15' title="bbox 186 1567 1916 1640; baseline -0.004 -17"><span class='ocrx_word' id='word_1_103' title='bbox 186 1572 428 1640; x_wconf 86' lang='lat' dir='ltr'>agricola,</span> <span class='ocrx_word' id='word_1_104' title='bbox 454 1579 619 1622; x_wconf 88' lang='lat' dir='ltr'>terras</span> <span class='ocrx_word' id='word_1_105' title='bbox 652 1570 858 1621; x_wconf 88' lang='lat' dir='ltr'>habitas</span> <span class='ocrx_word' id='word_1_106' title='bbox 881 1569 1139 1620; x_wconf 89' lang='lat' dir='ltr'>instanter</span> <span class='ocrx_word' id='word_1_107' title='bbox 1178 1568 1279 1618; x_wconf 91' lang='lat' dir='ltr'>coli</span> <span class='ocrx_word' id='word_1_108' title='bbox 1318 1567 1531 1629; x_wconf 87' lang='lat' dir='ltr'>faciens,</span> <span class='ocrx_word' id='word_1_109' title='bbox 1574 1585 1682 1617; x_wconf 92' lang='lat' dir='ltr'>non</span> <span class='ocrx_word' id='word_1_110' title='bbox 1710 1567 1916 1617; x_wconf 86' lang='lat' dir='ltr'>habitas</span> 
     </span>
     <span class='ocr_line' id='line_1_16' title="bbox 188 1650 1917 1723; baseline -0.003 -18"><span class='ocrx_word' id='word_1_111' title='bbox 188 1654 384 1705; x_wconf 90' lang='lat' dir='ltr'>habitis</span> <span class='ocrx_word' id='word_1_112' title='bbox 418 1653 708 1723; x_wconf 87' lang='lat' dir='ltr'>prudenter</span> <span class='ocrx_word' id='word_1_113' title='bbox 745 1653 1053 1721; x_wconf 87' lang='lat' dir='ltr'>adjungens,</span> <span class='ocrx_word' id='word_1_114' title='bbox 1099 1650 1451 1719; x_wconf 89' lang='lat' dir='ltr'>quantitatem</span> <span class='ocrx_word' id='word_1_115' title='bbox 1484 1651 1719 1717; x_wconf 90' lang='lat' dir='ltr'>adusque</span> <span class='ocrx_word' id='word_1_116' title='bbox 1756 1650 1917 1718; x_wconf 91' lang='lat' dir='ltr'>pretii</span> 
     </span>
     <span class='ocr_line' id='line_1_17' title="bbox 187 1733 1915 1804; baseline -0.002 -16"><span class='ocrx_word' id='word_1_117' title='bbox 187 1737 439 1788; x_wconf 91' lang='lat' dir='ltr'>librarum</span> <span class='ocrx_word' id='word_1_118' title='bbox 463 1754 559 1804; x_wconf 92' lang='lat' dir='ltr'>per</span> <span class='ocrx_word' id='word_1_119' title='bbox 583 1754 778 1786; x_wconf 91' lang='lat' dir='ltr'>annum</span> <span class='ocrx_word' id='word_1_120' title='bbox 817 1735 938 1803; x_wconf 91' lang='lat' dir='ltr'>plus</span> <span class='ocrx_word' id='word_1_121' title='bbox 975 1734 1149 1784; x_wconf 92' lang='lat' dir='ltr'>minus</span> <span class='ocrx_word' id='word_1_122' title='bbox 1190 1733 1378 1801; x_wconf 86' lang='lat' dir='ltr'>viginti</span> <span class='ocrx_word' id='word_1_123' title='bbox 1416 1752 1501 1783; x_wconf 90' lang='lat' dir='ltr'>eas</span> <span class='ocrx_word' id='word_1_124' title='bbox 1541 1733 1915 1802; x_wconf 82' lang='lat' dir='ltr'>multiplicanS.</span> 
     </span>
     <span class='ocr_line' id='line_1_18' title="bbox 191 1817 1918 1887; baseline -0.002 -16"><span class='ocrx_word' id='word_1_125' title='bbox 191 1820 384 1871; x_wconf 89' lang='lat' dir='ltr'>Factus</span> <span class='ocrx_word' id='word_1_126' title='bbox 424 1827 504 1870; x_wconf 89' lang='lat' dir='ltr'>est</span> <span class='ocrx_word' id='word_1_127' title='bbox 543 1827 598 1869; x_wconf 94' lang='lat' dir='ltr'>et</span> <span class='ocrx_word' id='word_1_128' title='bbox 636 1819 924 1887; x_wconf 90' lang='lat' dir='ltr'>spiritualis</span> <span class='ocrx_word' id='word_1_129' title='bbox 950 1817 1177 1885; x_wconf 87' lang='lat' dir='ltr'>agricola</span> <span class='ocrx_word' id='word_1_130' title='bbox 1200 1835 1408 1867; x_wconf 88' lang='lat' dir='ltr'>vomere</span> <span class='ocrx_word' id='word_1_131' title='bbox 1436 1817 1688 1867; x_wconf 73' lang='lat' dir='ltr'>doctrinae</span> <span class='ocrx_word' id='word_1_132' title='bbox 1723 1818 1918 1868; x_wconf 91' lang='lat' dir='ltr'>multo-</span> 
     </span>
     <span class='ocr_line' id='line_1_19' title="bbox 190 1900 1919 1971; baseline -0.002 -17"><span class='ocrx_word' id='word_1_133' title='bbox 190 1922 307 1954; x_wconf 90' lang='lat' dir='ltr'>rum</span> <span class='ocrx_word' id='word_1_134' title='bbox 335 1921 468 1971; x_wconf 87' lang='lat' dir='ltr'>quos</span> <span class='ocrx_word' id='word_1_135' title='bbox 493 1902 702 1971; x_wconf 86' lang='lat' dir='ltr'>scripsit</span> <span class='ocrx_word' id='word_1_136' title='bbox 724 1902 978 1952; x_wconf 92' lang='lat' dir='ltr'>librorum</span> <span class='ocrx_word' id='word_1_137' title='bbox 1003 1901 1159 1951; x_wconf 91' lang='lat' dir='ltr'>corda</span> <span class='ocrx_word' id='word_1_138' title='bbox 1181 1908 1389 1950; x_wconf 89' lang='lat' dir='ltr'>terrena</span> <span class='ocrx_word' id='word_1_139' title='bbox 1411 1900 1675 1962; x_wconf 89' lang='lat' dir='ltr'>excolens,</span> <span class='ocrx_word' id='word_1_140' title='bbox 1703 1901 1770 1951; x_wconf 92' lang='lat' dir='ltr'>ad</span> <span class='ocrx_word' id='word_1_141' title='bbox 1792 1901 1919 1951; x_wconf 92' lang='lat' dir='ltr'>boni</span> 
     </span>
     <span class='ocr_line' id='line_1_20' title="bbox 192 1983 1921 2055; baseline -0.002 -18"><span class='ocrx_word' id='word_1_142' title='bbox 192 1986 364 2055; x_wconf 91' lang='lat' dir='ltr'>operis</span> <span class='ocrx_word' id='word_1_143' title='bbox 401 1986 609 2054; x_wconf 87' lang='lat' dir='ltr'>frugem</span> <span class='ocrx_word' id='word_1_144' title='bbox 646 1985 836 2036; x_wconf 91' lang='lat' dir='ltr'>humili</span> <span class='ocrx_word' id='word_1_145' title='bbox 877 1984 1092 2052; x_wconf 89' lang='lat' dir='ltr'>quidem</span> <span class='ocrx_word' id='word_1_146' title='bbox 1132 1983 1271 2046; x_wconf 88' lang='lat' dir='ltr'>stilo,</span> <span class='ocrx_word' id='word_1_147' title='bbox 1296 1984 1385 2034; x_wconf 90' lang='lat' dir='ltr'>sed</span> <span class='ocrx_word' id='word_1_148' title='bbox 1431 2002 1587 2033; x_wconf 90' lang='lat' dir='ltr'>sensu</span> <span class='ocrx_word' id='word_1_149' title='bbox 1609 1983 1921 2034; x_wconf 87' lang='lat' dir='ltr'>moralitatis</span> 
     </span>
     <span class='ocr_line' id='line_1_21' title="bbox 192 2065 1919 2134; baseline -0.002 -14"><span class='ocrx_word' id='word_1_150' title='bbox 192 2069 443 2120; x_wconf 90' lang='lat' dir='ltr'>foecundo</span> <span class='ocrx_word' id='word_1_151' title='bbox 482 2087 543 2119; x_wconf 90' lang='lat' dir='ltr'>ea</span> <span class='ocrx_word' id='word_1_152' title='bbox 584 2086 787 2120; x_wconf 76' lang='lat' dir='ltr'>vocans,</span> <span class='ocrx_word' id='word_1_153' title='bbox 878 2066 1071 2117; x_wconf 86' lang='lat' dir='ltr'>Daniel</span> <span class='ocrx_word' id='word_1_154' title='bbox 1115 2084 1328 2134; x_wconf 88' lang='lat' dir='ltr'>quoque</span> <span class='ocrx_word' id='word_1_155' title='bbox 1366 2065 1604 2117; x_wconf 87' lang='lat' dir='ltr'>ciborum</span> <span class='ocrx_word' id='word_1_156' title='bbox 1644 2067 1919 2134; x_wconf 90' lang='lat' dir='ltr'>parcitate,</span> 
     </span>
     <span class='ocr_line' id='line_1_22' title="bbox 191 2139 1919 2221; baseline -0.003 -16"><span class='ocrx_word' id='word_1_157' title='bbox 191 2154 295 2205; x_wconf 90' lang='lat' dir='ltr'>Job</span> <span class='ocrx_word' id='word_1_158' title='bbox 339 2139 571 2220; x_wconf 86' lang='lat' dir='ltr'>corporis</span> <span class='ocrx_word' id='word_1_159' title='bbox 608 2153 866 2221; x_wconf 88' lang='lat' dir='ltr'>passione,</span> <span class='ocrx_word' id='word_1_160' title='bbox 910 2150 1316 2202; x_wconf 90' lang='lat' dir='ltr'>Bartholomeus</span> <span class='ocrx_word' id='word_1_161' title='bbox 1371 2168 1608 2217; x_wconf 90' lang='lat' dir='ltr'>genuum</span> <span class='ocrx_word' id='word_1_162' title='bbox 1648 2151 1919 2214; x_wconf 85' lang='lat' dir='ltr'>flectione,</span> 
     </span>
     <span class='ocr_line' id='line_1_23' title="bbox 193 2233 1924 2304; baseline -0.003 -15"><span class='ocrx_word' id='word_1_163' title='bbox 193 2239 408 2290; x_wconf 77' lang='lat' dir='ltr'>flectens</span> <span class='ocrx_word' id='word_1_164' title='bbox 451 2254 513 2286; x_wconf 88' lang='lat' dir='ltr'>ea</span> <span class='ocrx_word' id='word_1_165' title='bbox 554 2235 840 2304; x_wconf 76' lang='lat' dir='ltr'>saepissime</span> <span class='ocrx_word' id='word_1_166' title='bbox 885 2234 1098 2295; x_wconf 91' lang='lat' dir='ltr'>orando,</span> <span class='ocrx_word' id='word_1_167' title='bbox 1144 2250 1265 2301; x_wconf 81' lang='lat' dir='ltr'>quae</span> <span class='ocrx_word' id='word_1_168' title='bbox 1313 2233 1406 2285; x_wconf 92' lang='lat' dir='ltr'>vix</span> <span class='ocrx_word' id='word_1_169' title='bbox 1449 2234 1660 2284; x_wconf 88' lang='lat' dir='ltr'>flectere</span> <span class='ocrx_word' id='word_1_170' title='bbox 1714 2242 1924 2301; x_wconf 75' lang='lat' dir='ltr'>poterat</span> 
     </span>
     <span class='ocr_line' id='line_1_24' title="bbox 195 2317 1922 2386; baseline -0.003 -15"><span class='ocrx_word' id='word_1_171' title='bbox 195 2320 501 2372; x_wconf 80' lang='lat' dir='ltr'>incedendo.</span> <span class='ocrx_word' id='word_1_172' title='bbox 577 2318 784 2370; x_wconf 90' lang='lat' dir='ltr'>Diebus</span> <span class='ocrx_word' id='word_1_173' title='bbox 818 2318 1038 2386; x_wconf 89' lang='lat' dir='ltr'>singulis</span> <span class='ocrx_word' id='word_1_174' title='bbox 1076 2317 1385 2386; x_wconf 86' lang='lat' dir='ltr'>psalterium</span> <span class='ocrx_word' id='word_1_175' title='bbox 1418 2335 1489 2367; x_wconf 90' lang='lat' dir='ltr'>ex</span> <span class='ocrx_word' id='word_1_176' title='bbox 1528 2317 1709 2367; x_wconf 91' lang='lat' dir='ltr'>ordine</span> <span class='ocrx_word' id='word_1_177' title='bbox 1749 2325 1922 2367; x_wconf 91' lang='lat' dir='ltr'>totum</span> 
     </span>
     <span class='ocr_line' id='line_1_25' title="bbox 195 2400 1921 2467; baseline -0.003 -13"><span class='ocrx_word' id='word_1_178' title='bbox 195 2405 492 2465; x_wconf 88' lang='lat' dir='ltr'>decantans,</span> <span class='ocrx_word' id='word_1_179' title='bbox 518 2402 611 2453; x_wconf 88' lang='lat' dir='ltr'>vix</span> <span class='ocrx_word' id='word_1_180' title='bbox 635 2402 811 2453; x_wconf 91' lang='lat' dir='ltr'>triduo</span> <span class='ocrx_word' id='word_1_181' title='bbox 837 2410 958 2452; x_wconf 91' lang='lat' dir='ltr'>ante</span> <span class='ocrx_word' id='word_1_182' title='bbox 983 2409 1207 2452; x_wconf 88' lang='lat' dir='ltr'>mortem</span> <span class='ocrx_word' id='word_1_183' title='bbox 1231 2419 1261 2451; x_wconf 89' lang='lat' dir='ltr'>a</span> <span class='ocrx_word' id='word_1_184' title='bbox 1285 2400 1380 2450; x_wconf 91' lang='lat' dir='ltr'>tali</span> <span class='ocrx_word' id='word_1_185' title='bbox 1414 2418 1648 2467; x_wconf 86' lang='lat' dir='ltr'>genuum</span> <span class='ocrx_word' id='word_1_186' title='bbox 1690 2401 1921 2450; x_wconf 88' lang='lat' dir='ltr'>flexione</span> 
     </span>
     <span class='ocr_line' id='line_1_26' title="bbox 196 2483 1920 2556; baseline -0.002 -18"><span class='ocrx_word' id='word_1_187' title='bbox 196 2487 280 2539; x_wconf 88' lang='lat' dir='ltr'>vel</span> <span class='ocrx_word' id='word_1_188' title='bbox 304 2487 624 2556; x_wconf 90' lang='lat' dir='ltr'>psalmorum</span> <span class='ocrx_word' id='word_1_189' title='bbox 663 2484 1043 2536; x_wconf 91' lang='lat' dir='ltr'>consuetudine</span> <span class='ocrx_word' id='word_1_190' title='bbox 1083 2501 1302 2534; x_wconf 88' lang='lat' dir='ltr'>cessans.</span> <span class='ocrx_word' id='word_1_191' title='bbox 1379 2483 1505 2533; x_wconf 91' lang='lat' dir='ltr'>Non</span> <span class='ocrx_word' id='word_1_192' title='bbox 1546 2483 1709 2533; x_wconf 92' lang='lat' dir='ltr'>nimia</span> <span class='ocrx_word' id='word_1_193' title='bbox 1745 2483 1920 2546; x_wconf 92' lang='lat' dir='ltr'>tussis,</span> 
     </span>
     <span class='ocr_line' id='line_1_27' title="bbox 197 2566 1923 2635; baseline -0.003 -14"><span class='ocrx_word' id='word_1_194' title='bbox 197 2589 303 2621; x_wconf 92' lang='lat' dir='ltr'>non</span> <span class='ocrx_word' id='word_1_195' title='bbox 340 2569 569 2620; x_wconf 89' lang='lat' dir='ltr'>vomitus</span> <span class='ocrx_word' id='word_1_196' title='bbox 594 2568 879 2635; x_wconf 85' lang='lat' dir='ltr'>sanguinis,</span> <span class='ocrx_word' id='word_1_197' title='bbox 924 2586 1031 2617; x_wconf 91' lang='lat' dir='ltr'>non</span> <span class='ocrx_word' id='word_1_198' title='bbox 1074 2574 1199 2617; x_wconf 87' lang='lat' dir='ltr'>aetas</span> <span class='ocrx_word' id='word_1_199' title='bbox 1234 2566 1428 2627; x_wconf 90' lang='lat' dir='ltr'>senilis,</span> <span class='ocrx_word' id='word_1_200' title='bbox 1468 2584 1576 2616; x_wconf 89' lang='lat' dir='ltr'>non</span> <span class='ocrx_word' id='word_1_201' title='bbox 1599 2567 1738 2634; x_wconf 90' lang='lat' dir='ltr'>pelle</span> <span class='ocrx_word' id='word_1_202' title='bbox 1768 2576 1923 2618; x_wconf 90' lang='lat' dir='ltr'>tenus</span> 
     </span>
     <span class='ocr_line' id='line_1_28' title="bbox 200 2650 1922 2718; baseline -0.002 -13"><span class='ocrx_word' id='word_1_203' title='bbox 200 2652 494 2705; x_wconf 86' lang='lat' dir='ltr'>attenuatio</span> <span class='ocrx_word' id='word_1_204' title='bbox 524 2651 690 2702; x_wconf 92' lang='lat' dir='ltr'>carnis</span> <span class='ocrx_word' id='word_1_205' title='bbox 727 2651 899 2702; x_wconf 90' lang='lat' dir='ltr'>virum</span> <span class='ocrx_word' id='word_1_206' title='bbox 936 2651 1192 2717; x_wconf 86' lang='lat' dir='ltr'>frangere,</span> <span class='ocrx_word' id='word_1_207' title='bbox 1232 2668 1340 2700; x_wconf 91' lang='lat' dir='ltr'>non</span> <span class='ocrx_word' id='word_1_208' title='bbox 1378 2668 1409 2700; x_wconf 91' lang='lat' dir='ltr'>a</span> <span class='ocrx_word' id='word_1_209' title='bbox 1450 2650 1721 2718; x_wconf 89' lang='lat' dir='ltr'>proposito</span> <span class='ocrx_word' id='word_1_210' title='bbox 1760 2658 1922 2701; x_wconf 80' lang='lat' dir='ltr'>tantae</span> 
     </span>
     <span class='ocr_line' id='line_1_29' title="bbox 199 2732 2142 2816; baseline -0.001 -30"><span class='ocrx_word' id='word_1_211' title='bbox 199 2735 469 2803; x_wconf 86' lang='lat' dir='ltr'>religionis</span> <span class='ocrx_word' id='word_1_212' title='bbox 492 2753 728 2802; x_wconf 87' lang='lat' dir='ltr'>unquam</span> <span class='ocrx_word' id='word_1_213' title='bbox 752 2733 1032 2784; x_wconf 90' lang='lat' dir='ltr'>valuerunt</span> <span class='ocrx_word' id='word_1_214' title='bbox 1054 2732 1338 2783; x_wconf 86' lang='lat' dir='ltr'>inflectere.</span> <span class='ocrx_word' id='word_1_215' title='bbox 1413 2732 1552 2783; x_wconf 91' lang='lat' dir='ltr'>Ecce</span> <span class='ocrx_word' id='word_1_216' title='bbox 1591 2740 1768 2783; x_wconf 90' lang='lat' dir='ltr'>autem</span> <span class='ocrx_word' id='word_1_217' title='bbox 1804 2742 1926 2801; x_wconf 88' lang='lat' dir='ltr'>post</span> <span class='ocrx_word' id='word_1_218' title='bbox 1944 2733 2142 2816; x_wconf 49' lang='lat' dir='ltr'>{lisgfissssiil</span> 
     </span>
     <span class='ocr_line' id='line_1_30' title="bbox 201 2815 1925 2886; baseline -0.003 -15"><span class='ocrx_word' id='word_1_219' title='bbox 201 2820 398 2870; x_wconf 92' lang='lat' dir='ltr'>multos</span> <span class='ocrx_word' id='word_1_220' title='bbox 421 2837 629 2886; x_wconf 86' lang='lat' dir='ltr'>agones,</span> <span class='ocrx_word' id='word_1_221' title='bbox 656 2826 777 2886; x_wconf 90' lang='lat' dir='ltr'>post</span> <span class='ocrx_word' id='word_1_222' title='bbox 799 2816 991 2867; x_wconf 86' lang='lat' dir='ltr'>multas</span> <span class='ocrx_word' id='word_1_223' title='bbox 1028 2815 1259 2883; x_wconf 90' lang='lat' dir='ltr'>corporis</span> <span class='ocrx_word' id='word_1_224' title='bbox 1295 2815 1578 2883; x_wconf 88' lang='lat' dir='ltr'>passiones,</span> <span class='ocrx_word' id='word_1_225' title='bbox 1604 2824 1725 2883; x_wconf 92' lang='lat' dir='ltr'>post</span> <span class='ocrx_word' id='word_1_226' title='bbox 1763 2835 1925 2867; x_wconf 92' lang='lat' dir='ltr'>annos</span> 
     </span>
     <span class='ocr_line' id='line_1_31' title="bbox 201 2896 1927 2969; baseline -0.002 -15"><span class='ocrx_word' id='word_1_227' title='bbox 201 2903 327 2954; x_wconf 87' lang='lat' dir='ltr'>vitae</span> <span class='ocrx_word' id='word_1_228' title='bbox 371 2921 480 2953; x_wconf 88' lang='lat' dir='ltr'>suae</span> <span class='ocrx_word' id='word_1_229' title='bbox 522 2901 790 2969; x_wconf 90' lang='lat' dir='ltr'>octoginta</span> <span class='ocrx_word' id='word_1_230' title='bbox 812 2901 951 2963; x_wconf 63' lang='lat' dir='ltr'>iiii⁰r‚</span> <span class='ocrx_word' id='word_1_231' title='bbox 978 2899 1317 2950; x_wconf 87' lang='lat' dir='ltr'>monachatus</span> <span class='ocrx_word' id='word_1_232' title='bbox 1354 2907 1533 2949; x_wconf 91' lang='lat' dir='ltr'>autem</span> <span class='ocrx_word' id='word_1_233' title='bbox 1570 2896 1683 2962; x_wconf 55' lang='lat' dir='ltr'>lxta,</span> <span class='ocrx_word' id='word_1_234' title='bbox 1721 2908 1775 2950; x_wconf 92' lang='lat' dir='ltr'>et</span> <span class='ocrx_word' id='word_1_235' title='bbox 1817 2901 1927 2951; x_wconf 91' lang='lat' dir='ltr'>dies</span> 
     </span>
     <span class='ocr_line' id='line_1_32' title="bbox 204 2982 1928 3050; baseline -0.002 -14"><span class='ocrx_word' id='word_1_236' title='bbox 204 2987 362 3036; x_wconf 75' lang='lat' dir='ltr'>xxxta</span> <span class='ocrx_word' id='word_1_237' title='bbox 393 2986 481 3048; x_wconf 68' lang='lat' dir='ltr'>vi„</span> <span class='ocrx_word' id='word_1_238' title='bbox 509 2986 687 3036; x_wconf 90' lang='lat' dir='ltr'>decem</span> <span class='ocrx_word' id='word_1_239' title='bbox 711 3003 834 3035; x_wconf 86' lang='lat' dir='ltr'>vero</span> <span class='ocrx_word' id='word_1_240' title='bbox 874 3002 1036 3035; x_wconf 89' lang='lat' dir='ltr'>annos</span> <span class='ocrx_word' id='word_1_241' title='bbox 1067 2991 1122 3033; x_wconf 92' lang='lat' dir='ltr'>et</span> <span class='ocrx_word' id='word_1_242' title='bbox 1155 2991 1374 3050; x_wconf 87' lang='lat' dir='ltr'>septem,</span> <span class='ocrx_word' id='word_1_243' title='bbox 1402 2982 1618 3049; x_wconf 88' lang='lat' dir='ltr'>diesque</span> <span class='ocrx_word' id='word_1_244' title='bbox 1643 2982 1832 3050; x_wconf 85' lang='lat' dir='ltr'>viginti</span> <span class='ocrx_word' id='word_1_245' title='bbox 1857 3002 1928 3033; x_wconf 91' lang='lat' dir='ltr'>ex</span> 
     </span>
     <span class='ocr_line' id='line_1_33' title="bbox 207 3063 1930 3136; baseline -0.002 -17"><span class='ocrx_word' id='word_1_246' title='bbox 207 3088 313 3136; x_wconf 90' lang='lat' dir='ltr'>quo</span> <span class='ocrx_word' id='word_1_247' title='bbox 339 3068 598 3119; x_wconf 84' lang='lat' dir='ltr'>Bellensis</span> <span class='ocrx_word' id='word_1_248' title='bbox 635 3068 864 3118; x_wconf 86' lang='lat' dir='ltr'>effloruit</span> <span class='ocrx_word' id='word_1_249' title='bbox 888 3068 1078 3130; x_wconf 83' lang='lat' dir='ltr'>abbas3</span> <span class='ocrx_word' id='word_1_250' title='bbox 1122 3084 1258 3128; x_wconf 89' lang='lat' dir='ltr'>ecce,</span> <span class='ocrx_word' id='word_1_251' title='bbox 1286 3067 1518 3132; x_wconf 87' lang='lat' dir='ltr'>inquam,</span> <span class='ocrx_word' id='word_1_252' title='bbox 1558 3065 1653 3116; x_wconf 90' lang='lat' dir='ltr'>iiii.</span> <span class='ocrx_word' id='word_1_253' title='bbox 1680 3063 1930 3116; x_wconf 81' lang='lat' dir='ltr'>kalendas</span> 
     </span>
     <span class='ocr_line' id='line_1_34' title="bbox 211 3149 1932 3220; baseline -0.002 -18"><span class='ocrx_word' id='word_1_254' title='bbox 211 3151 554 3220; x_wconf 88' lang='lat' dir='ltr'>Septembris,</span> <span class='ocrx_word' id='word_1_255' title='bbox 590 3152 720 3202; x_wconf 88' lang='lat' dir='ltr'>hora</span> <span class='ocrx_word' id='word_1_256' title='bbox 745 3152 849 3202; x_wconf 91' lang='lat' dir='ltr'>diei</span> <span class='ocrx_word' id='word_1_257' title='bbox 873 3150 1187 3219; x_wconf 87' lang='lat' dir='ltr'>vespertina,</span> <span class='ocrx_word' id='word_1_258' title='bbox 1215 3168 1335 3199; x_wconf 92' lang='lat' dir='ltr'>cum</span> <span class='ocrx_word' id='word_1_259' title='bbox 1369 3150 1479 3217; x_wconf 88' lang='lat' dir='ltr'>jam</span> <span class='ocrx_word' id='word_1_260' title='bbox 1506 3149 1570 3199; x_wconf 88' lang='lat' dir='ltr'>ad</span> <span class='ocrx_word' id='word_1_261' title='bbox 1595 3149 1770 3199; x_wconf 89' lang='lat' dir='ltr'>diurni</span> <span class='ocrx_word' id='word_1_262' title='bbox 1796 3168 1932 3199; x_wconf 90' lang='lat' dir='ltr'>mer-</span> 
     </span>
     <span class='ocr_line' id='line_1_35' title="bbox 210 3233 1936 3300; baseline -0.001 -15"><span class='ocrx_word' id='word_1_263' title='bbox 210 3235 390 3286; x_wconf 84' lang='lat' dir='ltr'>cedem</span> <span class='ocrx_word' id='word_1_264' title='bbox 415 3235 615 3285; x_wconf 91' lang='lat' dir='ltr'>denarii</span> <span class='ocrx_word' id='word_1_265' title='bbox 653 3234 1037 3285; x_wconf 88' lang='lat' dir='ltr'>Patrefamilias</span> <span class='ocrx_word' id='word_1_266' title='bbox 1070 3234 1295 3300; x_wconf 86' lang='lat' dir='ltr'>jubente</span> <span class='ocrx_word' id='word_1_267' title='bbox 1322 3240 1612 3294; x_wconf 88' lang='lat' dir='ltr'>vocaretur,</span> <span class='ocrx_word' id='word_1_268' title='bbox 1650 3240 1801 3298; x_wconf 90' lang='lat' dir='ltr'>pater</span> <span class='ocrx_word' id='word_1_269' title='bbox 1836 3233 1936 3283; x_wconf 92' lang='lat' dir='ltr'>iste</span> 
     </span>
     <span class='ocr_line' id='line_1_36' title="bbox 212 3314 1936 3385; baseline -0.001 -18"><span class='ocrx_word' id='word_1_270' title='bbox 212 3318 349 3385; x_wconf 91' lang='lat' dir='ltr'>pius,</span> <span class='ocrx_word' id='word_1_271' title='bbox 378 3317 561 3380; x_wconf 89' lang='lat' dir='ltr'>dulcis,</span> <span class='ocrx_word' id='word_1_272' title='bbox 583 3326 637 3368; x_wconf 91' lang='lat' dir='ltr'>et</span> <span class='ocrx_word' id='word_1_273' title='bbox 661 3316 892 3378; x_wconf 86' lang='lat' dir='ltr'>humilis,</span> <span class='ocrx_word' id='word_1_274' title='bbox 922 3316 1047 3366; x_wconf 89' lang='lat' dir='ltr'>dum</span> <span class='ocrx_word' id='word_1_275' title='bbox 1086 3314 1282 3365; x_wconf 91' lang='lat' dir='ltr'>lectulo</span> <span class='ocrx_word' id='word_1_276' title='bbox 1328 3314 1591 3364; x_wconf 88' lang='lat' dir='ltr'>decubans</span> <span class='ocrx_word' id='word_1_277' title='bbox 1629 3314 1719 3364; x_wconf 89' lang='lat' dir='ltr'>vili</span> <span class='ocrx_word' id='word_1_278' title='bbox 1763 3315 1936 3366; x_wconf 92' lang='lat' dir='ltr'>cibum</span> 
     </span>
     <span class='ocr_line' id='line_1_37' title="bbox 211 3397 1940 3468; baseline -0.002 -17"><span class='ocrx_word' id='word_1_279' title='bbox 211 3419 491 3468; x_wconf 92' lang='lat' dir='ltr'>perparum</span> <span class='ocrx_word' id='word_1_280' title='bbox 514 3408 794 3468; x_wconf 87' lang='lat' dir='ltr'>gustasset,</span> <span class='ocrx_word' id='word_1_281' title='bbox 822 3401 948 3450; x_wconf 91' lang='lat' dir='ltr'>dum</span> <span class='ocrx_word' id='word_1_282' title='bbox 974 3399 1196 3449; x_wconf 86' lang='lat' dir='ltr'>fratrum</span> <span class='ocrx_word' id='word_1_283' title='bbox 1224 3397 1534 3464; x_wconf 89' lang='lat' dir='ltr'>quibusdam</span> <span class='ocrx_word' id='word_1_284' title='bbox 1561 3398 1746 3448; x_wconf 87' lang='lat' dir='ltr'>devote</span> <span class='ocrx_word' id='word_1_285' title='bbox 1782 3399 1940 3448; x_wconf 92' lang='lat' dir='ltr'>bene-</span> 
     </span>
     <span class='ocr_line' id='line_1_38' title="bbox 214 3480 1939 3546; baseline -0.002 -12"><span class='ocrx_word' id='word_1_286' title='bbox 214 3483 454 3546; x_wconf 87' lang='lat' dir='ltr'>dixisset,</span> <span class='ocrx_word' id='word_1_287' title='bbox 499 3485 624 3534; x_wconf 90' lang='lat' dir='ltr'>dum</span> <span class='ocrx_word' id='word_1_288' title='bbox 665 3484 778 3534; x_wconf 90' lang='lat' dir='ltr'>aliis</span> <span class='ocrx_word' id='word_1_289' title='bbox 822 3492 884 3533; x_wconf 91' lang='lat' dir='ltr'>ut</span> <span class='ocrx_word' id='word_1_290' title='bbox 922 3483 988 3532; x_wconf 88' lang='lat' dir='ltr'>ad</span> <span class='ocrx_word' id='word_1_291' title='bbox 1028 3501 1079 3532; x_wconf 89' lang='lat' dir='ltr'>se</span> <span class='ocrx_word' id='word_1_292' title='bbox 1118 3480 1294 3531; x_wconf 87' lang='lat' dir='ltr'>venire</span> <span class='ocrx_word' id='word_1_293' title='bbox 1336 3481 1588 3530; x_wconf 89' lang='lat' dir='ltr'>deberent</span> <span class='ocrx_word' id='word_1_294' title='bbox 1626 3481 1939 3544; x_wconf 86' lang='lat' dir='ltr'>mandasset,</span> 
     </span>
     <span class='ocr_line' id='line_1_39' title="bbox 217 3564 1943 3635; baseline -0.001 -18"><span class='ocrx_word' id='word_1_295' title='bbox 217 3567 481 3634; x_wconf 88' lang='lat' dir='ltr'>sanguinis</span> <span class='ocrx_word' id='word_1_296' title='bbox 506 3576 722 3635; x_wconf 89' lang='lat' dir='ltr'>repente</span> <span class='ocrx_word' id='word_1_297' title='bbox 749 3567 976 3617; x_wconf 86' lang='lat' dir='ltr'>vomitus</span> <span class='ocrx_word' id='word_1_298' title='bbox 1020 3565 1139 3632; x_wconf 92' lang='lat' dir='ltr'>plus</span> <span class='ocrx_word' id='word_1_299' title='bbox 1178 3564 1332 3615; x_wconf 86' lang='lat' dir='ltr'>solito</span> <span class='ocrx_word' id='word_1_300' title='bbox 1374 3564 1585 3626; x_wconf 81' lang='lat' dir='ltr'>nimiuS,</span> <span class='ocrx_word' id='word_1_301' title='bbox 1629 3573 1682 3615; x_wconf 89' lang='lat' dir='ltr'>et</span> <span class='ocrx_word' id='word_1_302' title='bbox 1707 3565 1852 3615; x_wconf 88' lang='lat' dir='ltr'>velut</span> <span class='ocrx_word' id='word_1_303' title='bbox 1888 3564 1943 3615; x_wconf 89' lang='lat' dir='ltr'>in</span> 
     </span>
    </p>
   </div>
   <div class='ocr_carea' id='block_1_4' title="bbox 0 1793 43 4152">
    <p class='ocr_par' dir='ltr' id='par_1_4' title="bbox 0 1793 43 4152">
     <span class='ocr_line' id='line_1_40' title="bbox 0 1793 43 4152; baseline 0 0"><span class='ocrx_word' id='word_1_304' title='bbox 0 1793 43 4152; x_wconf 95' lang='lat' dir='ltr'> </span> 
     </span>
    </p>
   </div>
  </div>
 </body>
</html>
