2398 4152
960 447 1285 488 APPENDIX.
1897 434 1994 483 193

260 567 513 637 Episcopi
538 568 820 621 auditurus
844 570 958 639 ejus
987 579 1237 639 precepta
1261 579 1316 622 et
1340 570 1547 622 nullum
1579 569 1842 639 judicium
1869 569 1994 619 sub-

257 650 459 714 iturus;
500 652 795 721 impetratis
820 661 874 704 et
908 653 1251 722 impetrandis
1271 673 1431 723 super
1455 653 1724 723 premissis
1750 652 1994 704 omnibus

258 733 323 785 de
350 734 524 786 cetero
552 735 768 787 minime
793 736 1049 788 valituris.
1127 737 1264 790 Acta
1294 739 1444 789 1255.

1075 873 1184 926 XI.

290 960 548 1028 Profe-saio
563 963 771 1014 Decam'
794 963 856 1014 de
887 963 1257 1031 Bello.—-Re9.
1285 964 1346 1014 de
1365 964 1534 1027 Bello,
1561 984 1651 1033 pp.
1685 965 1801 1026 166,
1834 963 1950 1015 167.

327 1052 492 1104 Mem.
538 1054 682 1121 quod
732 1071 784 1105 Α.
822 1071 875 1105 D.
922 1055 1057 1106 1250
1100 1054 1362 1105 Ricardus
1410 1055 1636 1106 decanus
1674 1054 1889 1122 capellae
1930 1052 1984 1103 S.

258 1136 448 1187 Mariae
491 1137 556 1188 de
596 1137 748 1189 Bello
783 1156 955 1189 coram
983 1138 1271 1206 Radulpho
1297 1137 1511 1190 Abbate
1546 1148 1601 1189 et
1628 1138 1907 1189 Conventu
1930 1136 1986 1186 in

260 1220 509 1289 Capitulo
535 1220 877 1284 constitutus,
907 1222 1148 1273 Waltero
1174 1223 1237 1272 de
1273 1221 1473 1273 Dicton
1505 1222 1697 1274 clerico
1721 1230 1983 1290 presente,

253 1304 504 1372 inspectis
528 1306 866 1356 sacrosanctis
891 1305 1173 1372 evangeliis
1198 1306 1254 1356 in
1278 1305 1392 1356 haec
1413 1307 1572 1357 verba
1591 1306 1804 1375 juravit.
1868 1304 1986 1372 Ego

254 1388 510 1456 promitto
530 1389 831 1440 canonicam
853 1388 1208 1440 obedientiam
1230 1398 1284 1440 et
1301 1389 1611 1440 fidelitatem
1637 1389 1848 1440 domino
1871 1387 1986 1439 Ab-

255 1471 367 1522 bati
401 1480 455 1523 et
486 1471 818 1534 Conventui;
864 1485 920 1524 et
951 1473 1075 1541 jura
1110 1490 1292 1522 eorum
1326 1488 1380 1523 et
1413 1472 1854 1540 indempnitatem
1890 1490 1987 1541 pro

254 1573 405 1624 posse
439 1574 558 1606 meo
591 1555 648 1606 in
675 1555 920 1611 omnibus
945 1574 1029 1607 me
1055 1567 1509 1614 conservaturum3
1546 1557 1800 1624 promitto
1827 1556 1985 1607 etiam

257 1639 400 1706 quod
437 1640 874 1708 compositionem
907 1641 1047 1691 inter
1081 1639 1374 1691 Ecclesiam
1411 1639 1680 1690 Cioestriae
1715 1648 1769 1691 et
1803 1639 1987 1690 Eccle-

255 1722 383 1773 siam
410 1732 710 1792 presentem
733 1724 926 1775 factam
947 1723 1004 1774 in
1029 1724 1274 1775 omnibus
1299 1723 1535 1774 articulis
1559 1742 1642 1774 me
1678 1723 1985 1791 contingen-

252 1805 397 1857 tibus
421 1807 703 1874 diligenter
722 1816 778 1859 et
802 1807 1030 1858 fideliter
1050 1808 1363 1870 observabo3
1394 1807 1750 1858 emolumenta
1766 1815 1985 1857 ettaxa-

254 1890 451 1941 tionem
501 1910 684 1942 eorum
734 1892 797 1942 de
848 1892 1094 1943 omnibus
1141 1891 1310 1942 causis
1360 1910 1531 1942 coram
1578 1910 1662 1941 me
1700 1891 1984 1942 tractandis

255 1968 457 2024 Abbati
486 1973 693 2042 integre
731 1984 784 2026 et
807 1974 962 2044 plene
986 1994 1253 2026 reservans
1272 1975 1452 2038 3—-Sic
1478 1994 1561 2025 me
1589 1975 1737 2026 Deus
1772 1974 1986 2043 adjuvet

252 2065 307 2107 et
332 2057 496 2108 sancti
525 2058 654 2126 ejus.

1049 2142 1190 2195 XII.

326 2231 631 2283 Rubricella
655 2233 864 2301 reyendi
889 2235 1220 2296 Monasterii,
1248 2235 1569 2286 Monasterio
1595 2240 1900 2284 vacante.—

970 2319 1107 2369 Ibid.
1136 2319 1255 2370 570.

320 2404 558 2458 Vacante
597 2406 925 2458 Monasterio
965 2409 1423 2476 qualitercunque,
1460 2408 1631 2477 primo
1664 2416 1878 2477 petatur
1918 2408 1981 2458 li-

249 2490 421 2541 centia
445 2510 475 2541 a
509 2491 659 2559 Rege
687 2491 917 2560 eligendi
943 2511 1037 2560 per
1072 2493 1278 2544 literam
1318 2501 1623 2556 conventus,
1666 2492 1709 2542 si
1753 2511 1784 2543 a
1827 2492 1978 2560 Rege

246 2582 462 2625 teneant
486 2574 542 2624 in
571 2575 760 2643 capite.

316 2659 386 2708 2⁰.
423 2657 697 2709 Scribatur
722 2658 974 2710 fratribus
1005 2661 1310 2713 absentibus
1338 2661 1482 2729 quod
1505 2660 1721 2712 veniant
1744 2661 1810 2711 ad
1846 2660 1979 2711 elec-

248 2740 463 2803 tionem,
490 2742 721 2793 maxime
748 2743 1103 2794 existentibus
1128 2745 1185 2795 in
1211 2745 1494 2813 provincia.

319 2825 391 2875 3⁰.
414 2824 535 2875 Fiat
551 2826 779 2894 prefixio
795 2827 852 2877 in
870 2826 986 2896 ipso
1002 2829 1234 2896 capitulo
1251 2848 1344 2898 per
1362 2830 1773 2881 instrumentum
1788 2827 1870 2879 vel
1885 2847 1978 2896 per

248 2907 454 2959 literam
497 2909 856 2961 authenticam
895 2913 1176 2963 statuendo
1221 2913 1361 2964 diem
1402 2913 1690 2974 electionis,
1730 2913 1807 2963 ita
1833 2913 1977 2980 quod

251 2990 361 3041 dies
387 2991 657 3044 electionis
682 2994 752 3044 sit
775 3004 896 3063 post
922 2995 1245 3063 sepulturam
1271 2997 1510 3047 defuncti
1537 2996 1784 3059 Abbatis,
1806 3005 1861 3046 et
1884 2996 1977 3047 fiat

245 3083 474 3143 potestas
513 3077 706 3128 notarii
734 3077 790 3130 in
827 3079 1034 3147 scriptis
1074 3080 1139 3130 ad
1170 3080 1411 3131 facienda
1435 3081 1785 3130 instrumenta
1818 3098 1976 3148 super

245 3157 514 3212 electione.
579 3160 685 3212 Die
714 3163 780 3212 ad
805 3162 1117 3214 electionem
1138 3163 1431 3214 faciendam
1458 3163 1770 3214 conveniant
1795 3182 1974 3214 omnes

245 3241 300 3291 in
320 3242 477 3294 choro
505 3244 722 3295 ecclesie
744 3253 799 3294 et
823 3245 899 3294 ibi
926 3245 1143 3296 audiant
1166 3247 1393 3308 missam,
1415 3247 1477 3296 ad
1503 3264 1766 3297 summum
1791 3247 1971 3308 altare,

247 3324 599 3394 solempniter,
628 3328 690 3377 de
720 3327 911 3379 Sancto
950 3328 1172 3396 Spiritu.
1250 3329 1374 3382 Qua
1397 3329 1547 3380 finita
1581 3349 1760 3380 omnes
1785 3330 1972 3381 fratres

238 3409 328 3475 jus
353 3409 582 3478 eligendi
616 3410 868 3462 habentes
891 3411 1092 3463 intrent
1117 3413 1427 3481 capitulum,
1456 3422 1509 3463 et
1534 3413 1610 3464 ibi
1648 3424 1975 3482 proponatur

245 3492 463 3544 verbum
493 3493 617 3556 Dei,
658 3495 847 3546 deinde
888 3495 1094 3563 legatur
1122 3497 1343 3547 monitio
1385 3515 1505 3564 quae
1545 3506 1625 3548 est
1649 3497 1788 3548 infra
1811 3499 1867 3549 in
1892 3499 1972 3549 in-

249 3584 541 3628 strumento
557 3597 844 3646 proceSSUS,
867 3589 928 3630 ut
949 3580 1389 3631 excommunicati
1410 3582 1669 3632 recedant.
1714 3582 1844 3634 Post
1861 3583 1974 3635 haec

1728 3684 1759 3716 o
