2398 4152
680 464 1041 505 MONASTERII
1085 467 1162 506 DE
1200 468 1400 509 BELLo.
1815 458 1882 513 9⁷

158 581 277 632 dem
299 581 445 650 regis
461 583 799 648 consistente,
845 589 938 655 qui
966 590 1327 643 Gausbertum
1367 593 1600 645 ecclesiae
1636 594 1699 645 de
1727 593 1881 645 Bello

157 665 401 723 abbatem
435 665 665 733 primum
699 686 856 736 super
882 670 961 720 his
987 672 1286 735 infestabat,
1324 677 1703 728 summouendo
1729 677 1880 728 illum

161 756 224 808 ut
248 748 507 815 synodum
531 751 674 817 apud
692 750 997 803 Cicestriam
1013 759 1253 821 peteret,¹
1284 766 1338 807 ct
1361 758 1461 808 alia
1486 760 1659 809 omnia
1685 760 1884 828 episco-

157 831 299 899 palia
344 831 682 900 persolveret,
729 833 1076 886 determinata
1131 849 1270 889 sunt.
1369 840 1523 891 Unde
1586 852 1638 893 et
1688 852 1882 894 cartam

156 914 324 982 ipsius
348 914 546 966 domini
570 915 708 982 regis
733 934 892 983 super
915 916 1014 967 hoc
1039 920 1252 984 negotio
1277 923 1558 990 propriam,
1603 924 1883 976 Lanfranci

163 996 557 1050 Cantuariensis
596 999 973 1068 archiepiscopi
1017 1010 1071 1051 et
1096 1002 1317 1054 aliorum
1357 1007 1729 1058 nonnullorum
1773 1009 1882 1076 epi·

159 1099 452 1149 soeporum,
470 1082 563 1133 sed
588 1090 642 1133 et
666 1082 827 1133 etiam
843 1083 1010 1151 ipsius
1038 1083 1277 1151 Stigandi
1296 1086 1633 1139 Cicestrensis
1652 1090 1883 1158 episcopi

163 1163 479 1227 testimonio
540 1165 920 1228 confirmatam,
988 1178 1304 1234 praesentem
1369 1169 1671 1222 habemus.'’
1747 1173 1881 1224 Haec
1905 1182 2115 1215 ddiversthe

1906 1225 2035 1255 cham—r

160 1247 354 1311 dicens,
399 1249 620 1300 tradidit
653 1242 848 1301 cartam
887 1251 1017 1317 regi,
1057 1259 1216 1318 atque
1258 1271 1372 1303 eam
1406 1272 1542 1303 unus
1572 1273 1642 1305 ex
1666 1255 1882 1319 clericis,
1908 1265 2104 1337 {3333ssss

159 1333 278 1401 ejus
323 1341 479 1396 nutu,
525 1334 770 1385 omnibus
812 1334 1151 1386 audientibus
1194 1336 1435 1404 perlegit.
1522 1338 1657 1390 Haec
1705 1340 1884 1408 itaque
1907 1329 2141 1388 totheAbbr'ey·

160 1415 300 1470 inter
324 1416 426 1468 alia
447 1417 504 1468 in
528 1417 619 1468 illa
643 1417 1053 1469 continebantur
1078 1427 1235 1482 carta,
1282 1420 1425 1488 quod
1449 1421 1664 1472 ecclesia
1689 1423 1889 1475 scilicet

163 1499 230 1550 de
257 1499 411 1551 Bello
436 1500 604 1551 libera
627 1500 698 1551 sit
722 1501 936 1553 omnino
962 1521 992 1552 a
1031 1503 1362 1571 subjectione
1392 1504 1736 1556 Cicestrensis
1777 1507 1887 1574 epi-

161 1582 331 1651 scopi3
357 1602 531 1653 neque
552 1583 618 1634 ad
638 1585 897 1652 synodum
916 1586 1077 1636 abbas
1105 1596 1511 1650 summoneatur,
1532 1588 1633 1638 nisi
1657 1589 1767 1657 ipse
1793 1608 1888 1656 pro

161 1666 340 1735 aliqua
362 1685 419 1718 re
454 1675 641 1736 sponte
675 1667 752 1718 ire
786 1668 1030 1720 voluerit.
1108 1670 1211 1720 His
1243 1671 1504 1739 perlectis,
1533 1672 1814 1740 episcopus¹
1834 1691 1887 1722 se

163 1756 357 1800 cartam
404 1750 550 1801 illam
606 1769 880 1818 nunquam
938 1752 1128 1804 vidisse
1178 1754 1261 1804 vel
1317 1755 1522 1805 audisse
1581 1756 1887 1818 affirmabat,

162 1850 336 1900 neque
379 1834 624 1886 abbatem
667 1834 769 1886 sibi
808 1835 988 1903 aliquo
1027 1844 1181 1904 pacto
1224 1856 1338 1887 eam
1376 1839 1604 1906 pandere
1644 1838 1887 1890 voluisse.

160 1915 378 1969 Abbate
415 1917 671 1969 nonnulla
703 1927 885 1970 contra
924 1919 1206 1982 obiciente,
1246 1939 1344 1972 rex
1384 1921 1555 1971 eidem
1591 1931 1652 1973 ut
1694 1930 1890 1972 taceret

163 2000 437 2071 praecepit.
515 2004 551 2028 “
577 2001 704 2054 Non
763 2002 954 2066 enim,’'
1005 2003 1200 2071 inquit,
1243 2007 1278 2031 “
1304 2005 1402 2055 hoc
1460 2006 1645 2055 amodo
1704 2014 1889 2056 vestrae
1910 2027 1983 2058 'rho
2001 2027 2119 2068 rung·-

163 2083 589 2137 dirationandum
630 2086 892 2137 incumbit
930 2087 1247 2155 prudentiae,
1289 2089 1380 2140 sed
1403 2107 1486 2138 me
1512 2088 1592 2139 uti
1617 2089 1889 2156 proprium
1910 2070 2059 2141 ἷξᾞῖᾏιῖι,

163 2175 325 2236 atque
364 2169 538 2237 regale
584 2170 724 2221 tueri
765 2171 915 2221 decet
951 2170 1242 2238 negotium.
1335 2171 1674 2239 Quapropter
1723 2180 1891 2223 vestra

162 2251 376 2304 interim
413 2252 566 2304 sileat
588 2253 906 2316 fraternitas,
943 2254 1095 2304 nobis
1119 2254 1220 2305 hoc
1246 2254 1475 2305 evidenti
1501 2254 1702 2305 ratione
1729 2262 1888 2321 atque

161 2336 324 2404 regali
347 2337 675 2405 protectione
701 2338 782 2389 uti
806 2338 1079 2407 proprium
1105 2338 1594 2389 determinantibuS.
1670 2337 1757 2387 Ad
1797 2356 1890 2387 nos

162 2420 344 2489 itaque
369 2420 675 2490 hujusmodi
701 2430 903 2490 spectat
927 2421 1127 2489 negotii
1154 2414 1451 2473 diffinitio.’'
1514 2420 1704 2471 Multis
1728 2421 1891 2486 igitur

163 2522 321 2573 super
340 2504 424 2556 his
442 2505 564 2556 hinc
583 2505 812 2573 indeque
838 2505 1049 2567 habitis,
1078 2505 1286 2555 tandem
1313 2503 1521 2555 silentio
1547 2503 1776 2571 inposito
1795 2503 1892 2554 Ri-

165 2588 351 2649 cardus
375 2589 439 2639 de
467 2587 602 2642 Luci
628 2607 845 2657 surgens
870 2607 1047 2656 regem
1079 2606 1204 2638 voce
1230 2587 1457 2655 supplici
1482 2585 1737 2648 exoravit,
1766 2604 1893 2652 qua-

163 2670 308 2721 tinus
357 2671 535 2722 abbati
579 2672 642 2723 de
690 2672 841 2723 Bello
881 2672 1030 2723 fratri
1072 2690 1166 2722 suo
1216 2689 1373 2738 super
1421 2670 1501 2720 his
1542 2670 1892 2738 respondendi

164 2754 443 2806 consilium
469 2773 588 2807 cum
615 2755 794 2806 amicis
820 2755 929 2806 suis
954 2754 1207 2806 secretius
1239 2754 1430 2804 habere
1466 2753 1663 2805 liceret.
1741 2754 1890 2820 Rege
1911 2774 2005 2805 wath
2022 2782 2098 2803 con-

159 2836 242 2888 his
284 2847 568 2901 annuente,
611 2840 866 2891 advocans
909 2838 1182 2905 Rogerum
1207 2836 1596 2887 Eboracensem
1636 2836 1891 2903 archiepi-
1910 2814 2036 2895 iiiifg‘sf
2056 2814 2111 2844 ὼε

164 2924 420 2990 scopum‚²
447 2922 704 2974 Thomam
730 2922 1094 2974 cancellarium
1119 2920 1273 2987 regiS,
1309 2919 1342 2969 J
1346 2919 1600 2969 ohannem
1628 2919 1891 2970 thesaura·
1910 2895 2153 2970 {iios-“ffifissm

1910 2980 1989 3010 with
2006 2979 2062 3009 the

159 3005 298 3062 rium
320 3007 669 3059 Eboracensis
693 3007 945 3069 ecclesiae,
972 3006 1320 3057 Rotbertum³
1368 3003 1613 3053 comitem
1636 3002 1889 3069 Legaces-
1910 3019 2130 3092 gfrffiffffhgh

166 3088 302 3154 triae,
379 3091 670 3142 Patricium
738 3090 983 3141 comitem
1059 3086 1392 3148 Saresberiae,
1464 3085 1755 3137 Henricum
1828 3086 1890 3134 de
1909 3103 2046 3138 other„

162 3170 411 3237 ¹Essexia,
483 3173 840 3241 Raginaldum
907 3173 971 3222 de
1019 3170 1329 3230 Warennia,
1380 3168 1659 3217 Warinum
1721 3167 1890 3218 filium

170 3255 408 3320 Geroldi,
430 3267 485 3310 et
508 3257 732 3309 aliorum
756 3254 1131 3306 nonnullorum
1150 3254 1406 3302 baronum
1428 3258 1482 3299 et
1507 3250 1737 3299 militum
1756 3250 1891 3300 mul-

167 3385 170 3387 ’
223 3378 236 3404 ¹
265 3379 344 3421 See
360 3379 504 3433 above,
535 3394 575 3436 p.
600 3382 670 3422 26.
1073 3372 1326 3416 chroniclers
1367 3379 1410 3413 to
1440 3372 1546 3413 have
1574 3371 1679 3413 been
1711 3386 1757 3412 as
1776 3380 1892 3427 great

221 3435 238 3462 ²
267 3436 417 3492 Roger,
475 3435 718 3492 commonly
758 3434 893 3476 called
947 3432 993 3473 of
1074 3446 1126 3473 an
1153 3444 1304 3485 enemy
1325 3437 1368 3469 to
1400 3429 1471 3470 the
1501 3428 1651 3469 monks
1673 3443 1718 3469 as
1739 3429 1791 3470 he
1809 3444 1893 3470 was

165 3491 308 3535 Battle
330 3494 502 3550 Bridge.
565 3493 651 3535 His
684 3499 777 3549 part
813 3506 866 3532 on
903 3489 988 3531 this
1073 3496 1117 3529 to
1150 3487 1221 3528 the
1261 3485 1525 3541 Archbishop
1562 3486 1609 3527 of
1635 3485 1895 3543 Canterbury

165 3550 361 3592 occasion
389 3551 426 3593 is
460 3550 533 3593 the
567 3564 684 3592 more
724 3557 902 3603 strange,
944 3561 989 3587 as
1076 3544 1155 3586 and
1176 3543 1243 3585 his
1265 3557 1498 3607 successor.

164 3605 219 3649 he
258 3607 295 3650 is
334 3608 526 3664 reported
565 3608 623 3663 by
669 3613 779 3647 most
833 3605 880 3646 of
919 3604 991 3647 the
1108 3603 1123 3626 ³
1152 3601 1456 3643 Blanc-mams.

1649 3687 1685 3722 H
