2398 4152
753 421 1115 463 MONAs'rERn
1148 419 1237 462 ‘DE
1274 423 1480 463 BELLo.
1897 409 1964 466 37

240 542 686 610 magnificabatur.
729 544 991 613 Cumque,
1019 542 1255 596 ecclesiae
1280 545 1479 596 fabrica
1502 543 1828 613 proficiente,
1850 564 1964 596 eam

239 625 295 675 in
317 626 563 693 proximo
604 628 1125 679 munificentissimus
1162 645 1256 679 rex
1298 628 1534 696 largiflue
1574 629 1792 679 ditatam
1818 628 1965 679 dedi-

240 724 356 757 care
417 708 775 777 disposuisset,
837 711 1052 762 interim
1120 711 1350 762 adversae
1419 711 1663 780 pulsatus
1723 711 1967 762 molestia

239 790 469 842 fortunae
511 792 890 844 Normanniam
931 794 1303 846 transfretavit.
1382 794 1491 845 Ubi
1531 794 1587 844 in
1627 793 1966 861 expeditione

240 874 376 925 forte
438 876 761 938 debilitatus,
824 876 1036 927 demum
1098 876 1456 942 Rotomagum
1516 876 1664 927 adiit.
1763 875 1966 926 Verum

241 958 556 1024 aegritudine
582 958 752 1009 indies
788 957 1197 1024 ingravescente,
1224 977 1345 1010 cum
1377 960 1489 1027 jam
1528 966 1828 1008 extremum
1865 958 1968 1009 sibi

239 1039 378 1090 diem
417 1040 692 1091 imminere
731 1040 967 1103 sentiret,
995 1041 1229 1091 ecclesiae
1270 1056 1380 1091 suae
1425 1058 1583 1108 quam
1617 1040 1673 1089 in
1714 1038 1966 1106 Angliam

240 1130 605 1174 construxerat
628 1141 735 1174 non
764 1118 1053 1185 immemor,
1072 1123 1346 1174 Willelmo
1370 1123 1481 1173 filio
1507 1141 1619 1184 suo,
1638 1140 1797 1189 quem
1816 1123 1964 1189 regni

241 1204 489 1256 heredem
516 1205 809 1268 constituit,
835 1206 1092 1273 imperare
1137 1206 1361 1269 studuit,
1413 1205 1663 1274 quatinus
1714 1204 1964 1272 Angliam

238 1287 474 1340 concitus
499 1288 678 1339 adiens
710 1288 860 1356 regni
886 1289 1178 1340 diademate
1214 1288 1575 1356 insigniretur,
1603 1295 1767 1356 atque
1803 1288 1965 1339 eccle-

236 1371 329 1421 siae
355 1387 465 1421 suae
491 1371 554 1422 de
581 1370 733 1422 Bello
772 1371 1066 1422 manerium
1109 1389 1275 1422 unum
1322 1370 1670 1438 quadraginta
1710 1370 1963 1422 librarum

235 1472 393 1522 super
432 1473 509 1517 ea,
537 1470 659 1522 quae
693 1455 805 1523 jam
838 1454 1037 1506 ibidem
1082 1473 1151 1505 ex
1191 1473 1286 1506 suo
1326 1455 1463 1506 dono
1503 1453 1692 1505 collata
1732 1454 1962 1518 fuerant,

234 1538 511 1590 conferret.
588 1537 819 1589 Pallium
845 1557 1060 1605 quoque
1087 1556 1240 1588 suum
1271 1538 1445 1605 regale
1486 1537 1703 1588 mirifice
1745 1555 1872 1588 auro
1910 1546 1964 1589 et

233 1621 454 1688 gemmis
509 1621 900 1690 pretiosissimis
956 1621 1285 1688 insignitum,
1336 1629 1390 1672 et
1448 1629 1684 1672 trecenta
1742 1639 1962 1672 numero

233 1704 545 1772 philacteria
578 1705 824 1757 decenter
866 1723 994 1756 auro
1032 1713 1355 1772 argentoque
1396 1703 1689 1766 fabrifacta‚
1737 1722 1963 1771 quarum

232 1788 387 1856 plura
411 1787 608 1840 catenis
632 1788 803 1839 aureis
828 1788 911 1839 vel
934 1788 1197 1855 argenteis
1232 1788 1680 1855 appendebantur,
1719 1787 1961 1837 innume-

234 1871 484 1923 rabilium
522 1880 822 1922 sanctorum
859 1870 1108 1938 reliquias
1146 1869 1490 1933 continentia,
1517 1889 1637 1920 cum
1672 1870 1868 1920 feretro
1905 1870 1962 1921 in

231 1956 446 2006 modum
476 1954 652 2006 altaris
676 1954 918 2016 formato,
947 1953 1075 2021 (quo
1108 1953 1292 2003 multae
1318 1961 1468 2003 erant
1503 1953 1764 2020 reliquiae,
1805 1971 1962 2020 super

234 2040 378 2107 quod
414 2038 471 2089 in
514 2037 854 2105 expeditione
897 2037 1054 2087 missa
1101 2035 1355 2087 celebrari
1404 2037 1787 2104 consueverat,)
1838 2055 1959 2104 quae

228 2122 369 2174 inter
401 2122 504 2173 alia
544 2119 892 2172 multiformia
929 2139 998 2170 ex
1041 2120 1484 2187 praedecessorum
1527 2138 1741 2170 suorum
1775 2139 1961 2186 regum

229 2225 350 2258 cum
373 2224 535 2273 regno
559 2203 914 2271 adquisitione
939 2203 1260 2265 obtinuerat,
1287 2211 1342 2252 et
1364 2221 1485 2270 quae
1511 2202 1567 2252 in
1604 2203 1748 2270 regio
1785 2203 1962 2253 hacte-

226 2297 327 2341 nus
350 2289 582 2358 reposita
605 2286 929 2339 thesaurario
955 2286 1411 2346 conservabantur,
1439 2285 1610 2335 eidem
1629 2285 1743 2335 loco
1770 2304 1838 2335 ex
1865 2304 1961 2336 suo

228 2391 445 2424 munere
484 2370 711 2423 conferri
749 2369 1024 2438 praecepit,
1059 2377 1220 2436 atque
1261 2377 1324 2418 ut
1366 2368 1584 2418 eandem
1628 2386 1774 2419 suam
1814 2369 1960 2419 dedi-

231 2457 337 2508 cari
374 2455 688 2525 quantocius
724 2453 1009 2504 honorifice
1046 2452 1242 2502 faceret
1277 2451 1566 2502 ecclesiam.
1643 2449 1768 2503 Quo
1796 2452 1959 2518 jussis

231 2541 645 2608 obtemperante,
695 2537 836 2588 idem
902 2555 999 2586 rex
1062 2534 1598 2603 praecellentissimus,
1640 2533 1956 2600 aegritudine

229 2623 634 2691 ingravescente,
666 2639 803 2671 anno
834 2619 984 2686 regni
1011 2618 1093 2669 sui
1118 2617 1307 2671 xx⁰.i⁰.
1337 2618 1499 2680 diem,
1536 2617 1670 2685 proh
1695 2615 1878 2667 dolor!
1906 2634 1952 2667 v.

229 2706 348 2757 idus
391 2703 717 2773 Septembris
760 2701 948 2753 clausit
981 2701 1248 2765 ultimum,
1289 2710 1448 2769 atque
1497 2700 1621 2750 inde
1663 2699 1955 2750 Cadomum

228 2789 459 2840 delatum
485 2805 673 2855 corpus
698 2794 965 2837 terrenum
990 2785 1047 2836 in
1073 2785 1290 2836 ecclesia
1318 2784 1484 2835 sancti
1512 2783 1768 2851 Stephani
1795 2801 1954 2850 quam

232 2873 343 2940 ipse
369 2870 684 2922 fundaverat
717 2877 840 2920 ante
866 2869 1030 2919 altare
1058 2876 1212 2919 terrae
1240 2867 1591 2919 committitur
1620 2867 1898 2917 humatum
1915 2868 1949 2927 3¹

226 2955 377 3023 cujus
401 2953 613 3022 spiritui
635 2953 757 3022 pius
774 2952 1104 3020 Redemptor
1121 2971 1343 3020 regnum
1364 2958 1584 3020 praestet
1598 2957 1915 3018 perpetuum
1937 2949 1949 2998 ἱ

295 3035 502 3089 Verum
538 3045 600 3088 ut
636 3036 796 3104 hujus
841 3035 1258 3087 consideratione
1295 3025 1573 3103 paululum
1608 3034 1950 3093 inmoremur,

226 3120 419 3189 quibus
467 3118 639 3170 verbis
703 3118 865 3186 hujus
922 3118 1047 3168 vitae
1094 3118 1408 3169 miserabilis
1457 3115 1755 3183 explicetur
1804 3123 1952 3164 ortus

223 3220 557 3271 nequaquam
582 3219 801 3270 pensare
827 3201 1132 3264 sufficimus,
1160 3220 1280 3252 cum
1305 3210 1413 3251 tam
1438 3198 1766 3268 plangendus
1790 3197 1950 3265 regiae

227 3286 386 3336 etiam
424 3284 831 3352 magnificentiae
871 3284 1143 3335 incumbat
1169 3302 1394 3335 occasus
1471 3282 1609 3335 Quis
1655 3280 1797 3331 enim
1841 3288 1950 3331 tam

225 3369 391 3421 diram
432 3369 593 3438 hujus
640 3367 880 3436 praeclari
924 3367 1237 3418 omnimodis
1286 3366 1423 3433 regis
1465 3383 1572 3415 non
1611 3363 1802 3415 defleat
1844 3364 1951 3415 for-

819 3559 827 3582 ¹
862 3556 906 3599 N
910 3556 1066 3598 eustria
1088 3555 1175 3608 Pia,
1198 3569 1239 3611 p.
1257 3557 1354 3596 640.
