2398 4152
654 486 1015 528 MoNASTERII
1059 491 1137 531 DE
1179 493 1382 536 BELLo.
1772 491 1868 540 111

153 607 211 659 in
233 609 591 662 transmarinis
616 617 823 678 agente,
867 609 1008 662 inter
1033 620 1223 665 caetera
1244 615 1541 683 iniquitatis
1581 636 1691 671 suae
1716 639 1874 690 opera

148 693 289 744 idem
315 692 520 744 Alanus
553 693 611 744 in
651 692 884 744 maneria
921 693 1155 747 ecclesiae
1181 698 1345 749 sancti
1371 699 1592 752 Martini
1619 704 1683 754 de
1722 704 1873 757 Bello

150 775 289 827 infra
331 777 584 828 terminos
622 775 938 827 forestarum
978 777 1078 828 sita
1112 779 1402 847 insurgens,
1443 785 1505 834 de
1539 803 1646 837 uno
1672 806 1871 852 eorum,

122 859 353 911 'scilicet
393 859 693 919 Bromham,
734 857 859 909 xxti.
900 859 1110 923 solidos,
1157 870 1211 912 et
1250 864 1312 913 de
1364 867 1590 931 quodam
1637 872 1871 922 membro

152 943 390 1011 ejusdem
415 941 618 994 scilicet
642 940 867 992 Anestia
891 941 1159 994 dimidiam
1193 962 1433 1011 marcam,
1463 958 1517 1000 et
1545 954 1870 1004 tantumdem

149 1026 214 1077 de
252 1026 485 1077 manerio
525 1026 590 1077 de
615 1024 1146 1089 Bricthwoldintune,
1190 1045 1286 1095 pro
1327 1031 1523 1082 exartis
1545 1037 1561 1064 ¹
1595 1034 1646 1083 vi
1673 1036 1868 1102 exegit.

139 1108 386 1161 'Collecta
410 1117 492 1160 est
513 1109 628 1160 haec
651 1108 878 1177 pecunia
892 1126 988 1176 per
1011 1108 1345 1161 vicecomites
1369 1114 1772 1180 provinciarum,
1814 1127 1870 1169 et

147 1194 215 1244 ad
256 1194 570 1245 scaccarium
612 1191 814 1243 domini
857 1190 995 1259 regis
1033 1191 1222 1255 delata,
1262 1194 1356 1244 ubi
1381 1213 1411 1245 a
1437 1195 1769 1250 thesaurariis
1793 1219 1873 1251 re-

149 1286 317 1346 cepta,
343 1277 396 1328 in
426 1275 611 1328 aerario
637 1274 836 1327 domini
875 1274 1015 1342 regis
1049 1283 1130 1325 est
1169 1277 1414 1343 reposita.
1491 1279 1616 1332 Quo
1643 1284 1870 1350 cognit0,

147 1360 308 1411 abbas
333 1378 499 1412 unum
538 1378 609 1411 ex
651 1358 921 1410 monachis
961 1357 1070 1408 suis
1120 1377 1241 1409 cum
1282 1361 1436 1411 cartis
1476 1362 1793 1430 dignitatum
1819 1374 1873 1417 et

147 1443 457 1496 libertatum
498 1461 712 1495 suarum
747 1442 815 1493 ad
838 1441 1154 1493 scaccarium
1178 1444 1466 1494 transmisit
1490 1454 1553 1496 ut
1576 1446 1632 1497 in
1657 1449 1872 1500 audien-

147 1526 223 1579 tia
247 1527 583 1596 justiciarum
622 1544 781 1595 super
820 1525 918 1576 hac
956 1524 1171 1576 insolita
1213 1534 1269 1577 et
1307 1526 1545 1579 indebita
1591 1532 1868 1583 exactione

147 1619 578 1678 conquereretur.
666 1609 965 1662 Monachus
1010 1627 1133 1659 vero
1196 1628 1257 1660 eo
1313 1611 1639 1678 pervenienS,
1700 1633 1872 1667 coram

149 1694 389 1746 Roberto
432 1694 624 1746 comite
666 1692 1019 1760 Legacestriae
1070 1700 1125 1742 et
1177 1691 1407 1744 Ricardo
1452 1695 1517 1745 de
1572 1695 1725 1759 Luci,
1779 1699 1872 1765 qui

149 1785 277 1829 tunc
334 1795 591 1829 summam
638 1776 790 1845 regni
843 1775 1116 1845 justiciam
1169 1775 1282 1826 vice
1330 1777 1469 1844 regis
1535 1781 1874 1847 exequeban-

150 1867 258 1923 tur,
330 1869 386 1912 et
455 1879 630 1912 coram
694 1859 824 1910 aliis*
873 1858 1162 1910 baronibus
1235 1860 1476 1910 scaccarii
1549 1880 1874 1931 conquerens

148 1963 307 2014 super
347 1945 496 1997 illata
526 1945 723 2015 injuria
755 1963 867 1995 rem
911 1963 983 1994 ex
1025 1943 1206 1995 ordine
1245 1944 1448 2012 pandit,
1493 1953 1658 1995 cartas
1697 1946 1874 2014 legen-

149 2028 240 2079 das
281 2029 550 2098 proponit,
587 2028 984 2080 restitutionem
1027 2027 1322 2078 ablatorum
1364 2028 1589 2096 expetit.
1656 2028 1873 2081 Auditis

147 2131 218 2163 ex
278 2121 538 2164 cartarum
593 2112 899 2164 testimonio
949 2111 1183 2163 ecclesiae
1231 2111 1586 2174 libertatibus,
1638 2114 1872 2164 omnium

145 2196 383 2247 unanimi
411 2196 615 2266 judicio
639 2196 869 2266 pecunia
900 2195 1157 2265 jamdicta
1187 2196 1299 2264 jam
1337 2214 1432 2264 per
1468 2196 1647 2263 plures
1682 2196 1791 2247 dies
1816 2197 1871 2247 in

147 2279 392 2331 thesauro
416 2281 554 2348 regis
578 2281 808 2350 reposita
841 2279 1159 2341 extrahitur,
1195 2298 1368 2330 coram
1411 2279 1654 2331 omnibus
1693 2299 1871 2331 mona-

147 2362 244 2414 cho
263 2363 524 2426 redditur,
544 2364 863 2432 franguntur
880 2363 1061 2426 talliae,
1084 2363 1358 2430 omnisque
1376 2364 1609 2431 ejusdem
1627 2365 1868 2431 pecuniae

144 2447 396 2497 memoria
433 2448 498 2499 de
537 2447 727 2499 rotulis
766 2447 1019 2499 eraditur.
1093 2446 1328 2497 Domum
1352 2465 1474 2497 vero
1498 2446 1703 2498 rediens
1728 2448 1869 2499 idem

145 2531 429 2583 monachus
471 2531 650 2583 abbati
691 2531 770 2582 rei
808 2539 973 2598 gestae
1014 2530 1251 2581 ordinem
1289 2530 1539 2593 insinuat,
1589 2531 1869 2598 pecuniam

146 2615 480 2682 saepedictam
523 2632 619 2665 suo
659 2615 879 2665 arbitrio
921 2614 1192 2681 relinquit.
1288 2613 1464 2666 Quam
1509 2614 1667 2664 abbas
1707 2614 1870 2665 susci-

144 2697 295 2765 piens
337 2699 403 2750 ad
445 2698 828 2767 praenominata
871 2698 1103 2749 maneria
1143 2697 1448 2758 transmisit,
1494 2697 1796 2748 hominibus
1839 2717 1869 2748 a

148 2781 344 2849 quibus
380 2790 567 2833 exacta
605 2791 685 2834 est
715 2782 1113 2833 restituendam.
1190 2780 1483 2831 Praedictus
1508 2799 1629 2831 vero
1665 2780 1867 2849 Alanus

149 2865 323 2931 quoad
357 2865 497 2917 vixit
519 2873 582 2917 ut
605 2866 718 2934 regi
743 2865 1140 2924 thesaurizaret,
1170 2864 1434 2931 quaslibet
1459 2872 1566 2914 tam
1602 2863 1867 2913 ecclesias-

149 2947 279 2999 ticas
322 2968 480 3018 quam
516 2949 777 3001 seculares
816 2967 1064 3017 personas
1102 2965 1294 2998 vexare
1338 2965 1445 2997 non
1479 2946 1700 3007 destitit,
1729 2954 1782 2996 et
1806 2955 1868 2997 ut

147 3032 378 3100 placeret
391 3033 505 3102 regi
520 3041 730 3085 terreno
734 3032 962 3100 ,Regem
976 3050 1082 3082 non
1101 3031 1282 3081 timuit
1298 3030 1561 3081 offendere
1580 3029 1864 3080 coelestem.

149 3115 307 3168 Unde
347 3125 606 3185 quantum
628 3114 915 3184 gratiarum
937 3134 967 3165 a
998 3133 1139 3182 rege,
1178 3113 1263 3164 cui
1288 3113 1360 3163 sic
1396 3112 1600 3180 placere
1644 3111 1866 3172 studuit,

148 3199 204 3250 in
240 3201 345 3251 fine
389 3209 699 3252 consecutus
730 3199 816 3261 sit,
854 3199 932 3248 rei
969 3198 1149 3247 exitus
1190 3196 1385 3246 docuit.
1463 3195 1601 3245 Nam
1645 3212 1763 3244 cum
1802 3194 1867 3243 ad

149 3291 386 3335 extrema
421 3284 679 3335 deductus
718 3289 871 3342 esset,
916 3280 1187 3347 cujusdam
1223 3277 1525 3328 monasterii
1557 3276 1743 3327 fratres
1773 3276 1867 3327 ali-

205 3446 217 3471 ¹
250 3446 372 3489 More
421 3445 589 3502 usually
642 3447 813 3495 essartis,
860 3442 967 3483 from
1055 3440 1127 3482 the
1169 3439 1318 3482 Forest
1360 3438 1495 3480 Laws.
1546 3437 1645 3501 ‘See
1700 3436 1864 3478 Watts‘

146 3518 294 3558 exseq-0,
329 3510 371 3546 to
401 3505 508 3560 grub
542 3518 624 3558 vp;
654 3500 850 3555 meaning
869 3498 968 3539 land
1054 3497 1194 3560 Gloss.
1230 3503 1273 3536 to
1296 3495 1590 3560 Matt3Par1s,
1631 3508 1661 3534 s.
1682 3507 1749 3543 v.;
1785 3492 1867 3534 and

147 3561 368 3603 recovered
398 3561 506 3602 from
539 3559 659 3601 wood
690 3557 771 3599 and
807 3563 966 3606 waste;
1053 3552 1333 3594 Wh1ttaker's
1394 3554 1570 3606 History
1625 3550 1673 3592 of
1717 3549 1867 3591 Whal-

146 3632 172 3659 a
198 3624 305 3662 term
341 3618 388 3660 of
416 3618 609 3672 frequent
645 3627 894 3657 occurrence
924 3612 967 3653 in
1048 3610 1130 3666 ley,
1152 3624 1193 3665 p.
1213 3612 1308 3651 131.

1889 2803 2064 2835 character
2078 2804 2115 2835 of

1887 2845 1970 2875 Alan
1987 2845 2027 2875 de

1889 2886 2052 2916 Neuvillc.
