2398 4152
224 4 229 7 ν
262 0 1125 30 -,3M⁷QTWWW'YWWU
1148 14 1150 17 .
1172 15 1177 20 Ι
1202 19 1206 22 .
1233 17 1249 23 θ
1266 2 1290 17 4-
1329 6 1332 9 x
1382 6 1441 19 2„ss
1456 12 1459 15 Δ
1475 4 1517 25 wa*
1544 2 1614 16 2³.
1632 3 1653 12 v-
1673 15 1701 22 a·
1728 4 1763 24 wa*
1778 8 1798 17 ..ν
1813 6 1823 14 ν,
1848 6 1851 7 ’
1875 11 1899 22 ..f
1939 18 1968 30 ⁴¹*
2071 18 2074 21 ,
2106 15 2108 17 .

804 36 814 43 „v
935 35 937 37 .
1804 38 1808 45 ν
2015 35 2025 42 '¹
2058 39 2071 46 ⁸—
2088 41 2094 50 r

177 2728 336 2761 Sel-vices.

480 458 544 509 16
973 464 1250 507 HIS'romA
1293 452 1703 505 FUNDATIONIS

545 592 788 646 XCVII.
828 591 1050 643 AElwini
1077 590 1363 652 secretarii,
1387 609 1435 641 v.
1465 589 1707 651 denarios
1733 598 1789 641 et
1810 609 1986 659 opera.

542 675 816 731 XCVIII.
857 675 1223 738 Chenewardi,
1249 693 1297 726 v.
1327 674 1570 725 denarios
1596 682 1651 725 et
1677 693 1854 744 opera.

541 762 760 815 XCIX.
802 759 1055 811 Balduini
1081 758 1293 821 sutoris,
1319 776 1366 809 v.
1396 758 1639 810 denarios
1661 766 1717 810 et
1741 779 1918 829 opera.

541 847 601 899 C.
643 844 858 898 Osberti
886 843 1106 907 Pechet,
1132 842 1243 895 viii.
1274 843 1516 895 denarios
1543 851 1602 894 et*
1624 861 1800 913 opera.

539 931 632 983 CI.
675 929 914 993 Cocardi,
941 942 989 980 v.
1027 928 1271 979 denarios
1297 936 1352 978 et
1377 946 1553 996 opera.

608 1101 701 1152 Ex
726 1101 829 1152 alia
852 1107 1002 1170 parte
1028 1099 1130 1150 viae
1150 1099 1314 1167 juxta
1338 1116 1552 1150 murum
1576 1099 1972 1151 monachorum.

539 1185 664 1238 CII.
705 1185 963 1236 Mansura
983 1183 1220 1235 AElfuini
1238 1181 1452 1242 Hachet
1477 1183 1543 1234 ad
1567 1182 1766 1235 festum
1792 1185 1959 1236 sancti
1987 1184 2210 1236 Thomae

461 1270 551 1322 vii.
580 1270 821 1322 denarios
846 1277 901 1320 et
925 1287 1101 1338 opera.

536 1353 694 1407 CIII.
734 1353 1003 1405 AEilnothi
1029 1351 1216 1415 Hecae,
1243 1352 1332 1404 vii.
1362 1352 1603 1405 denarios
1631 1361 1686 1405 et
1712 1372 1889 1424 opera.

536 1437 721 1491 CIIII.
763 1436 1143 1490 Blachemanni
1170 1437 1235 1488 de
1259 1435 1729 1506 Bodeherstegate‚
1755 1438 1846 1491 vii.
1883 1438 2127 1491 denarios
2153 1446 2210 1491 et

461 1544 635 1594 opera.

533 1608 649 1661 CV.
690 1607 981 1660 Reinbaldi
1008 1607 1292 1672 Genester,
1319 1607 1409 1660 vii.
1438 1607 1681 1660 denarios
1707 1616 1762 1660 et
1787 1627 1963 1678 opera.

531 1692 678 1746 CVI.
719 1692 950 1745 AElurici
978 1691 1271 1755 Corveiser,
1298 1692 1388 1744 vii.
1417 1692 1660 1744 denarios
1680 1700 1735 1744 et
1761 1712 1937 1762 opera.

529 1778 710 1831 CVII.
751 1777 999 1829 Brictrici
1025 1776 1220 1840 Barhe,
1247 1777 1338 1829 vii.
1367 1777 1611 1829 denarios
1647 1785 1702 1829 et
1727 1796 1903 1847 opera.

533 1862 997 1916 CVIII.AElfuini
1024 1861 1257 1930 Turpin,
1284 1861 1377 1912 vii.
1411 1852 1658 1914 denarios
1684 1871 1740 1914 et
1766 1882 1944 1932 opera.

528 1946 684 1999 CIX.
724 1946 929 2014 Rogeri
953 1945 1204 2007 Braceur,
1232 1945 1321 1996 vii.
1352 1946 1594 1997 denarios
1621 1954 1676 1998 et
1701 1965 1878 2016 opera.

526 2031 651 2083 CX.
692 2029 923 2081 Walteri
949 2029 1118 2092 Ruffi,
1146 2029 1234 2079 vii.
1262 2029 1504 2081 denarios
1526 2037 1581 2081 et
1606 2050 1783 2100 opera.

526 2115 682 2167 CXI.
725 2114 997 2166 Hunfredi
1024 2113 1307 2177 Genester,
1335 2114 1424 2165 vii.
1454 2114 1698 2166 denarios
1724 2123 1779 2166 et
1805 2134 1984 2185 opera.

524 2199 712 2252 CXII.
755 2198 998 2250 Goduini
1026 2197 1237 2260 Gisard,
1267 2198 1357 2250 vii.
1387 2199 1630 2250 denarios
1657 2207 1712 2251 et
1736 2219 1912 2269 opera.

523 2282 742 2336 CXIII.
786 2282 1009 2344 Siwardi
1038 2281 1226 2345 Crulli,
1253 2301 1302 2334 v.
1333 2282 1574 2334 denarios
1600 2292 1656 2334 et
1682 2295 1859 2353 opera.

522 2366 769 2419 CXIIII.
810 2367 1103 2429 Brunreve,
1131 2366 1243 2420 viii.
1265 2367 1508 2418 denarios
1534 2375 1590 2419 et
1616 2387 1791 2437 opera.

518 2451 699 2505 CXV.
739 2451 1016 2503 Wulfuini
1044 2451 1380 2520 carpentarii,
1407 2451 1518 2503 viii.
1548 2453 1792 2504 denarios
1818 2461 1874 2505 et
1898 2473 2073 2523 opera.

518 2535 622 2587 His
663 2536 847 2604 itaque
895 2535 1053 2586 certis
1099 2535 1521 2587 dimensionibus
1564 2538 1901 2590 mansionum
1951 2539 2078 2592 villa
2130 2542 2196 2593 de

445 2620 600 2671 Bello
626 2620 867 2672 ordinata
884 2620 1143 2672 hactenus
1169 2629 1408 2672 constare
1434 2620 1662 2673 videtur.

517 2704 716 2756 Omnes
755 2705 921 2773 igitur
946 2713 1009 2756 ut
1034 2705 1434 2774 supradiximus
1460 2705 1661 2756 debent
1685 2725 1792 2758 una
1837 2707 1923 2759 die
1957 2708 2196 2763 invenire

441 2788 506 2839 de
533 2807 854 2857 unaquaque
883 2789 1039 2840 domo
1065 2788 1338 2840 hominem
1363 2790 1430 2840 ad
1453 2797 1624 2858 prata,
1654 2798 1710 2842 et
1732 2791 1799 2842 ad
1824 2792 2193 2847 molendinum

440 2873 801 2937 reficiendum,
828 2881 882 2924 et
912 2865 1141 2924 habebit
1176 2873 1549 2941 unusquisque
1576 2893 1768 2943 panem
1810 2885 1866 2927 et
1891 2877 2192 2943 dimidium,

440 2965 494 3008 et
520 2957 961 3026 companagium1,
980 2966 1035 3008 et
1058 2958 1293 3009 brasium
1313 2957 1514 3010 facient
1533 2958 1576 3008 si
1596 2977 1809 3010 necesse
1826 2960 2010 3025 fuerit,
2028 2981 2193 3015 unus-

441 3041 667 3110 quisque
709 3061 965 3093 summam
999 3061 1175 3095 unam.
1254 3042 1508 3094 Minister
1547 3062 1672 3095 vero
1699 3045 1861 3096 curiae
1888 3065 2009 3098 cum
2050 3066 2191 3116 equo

438 3126 653 3195 proprio
692 3127 1068 3178 monachorum
1115 3126 1337 3195 singulis
1363 3127 1595 3196 singulas
1623 3128 1828 3180 deferre
1855 3130 2015 3182 debet
2048 3151 2190 3184 sum-

438 3228 547 3260 mas
574 3210 834 3274 domibuS,
858 3220 913 3262 et
936 3211 1244 3263 hominibus
1269 3211 1496 3262 tradere.
1551 3211 1813 3264 Homines
1839 3222 2037 3277 autem,
2068 3234 2190 3268 cum

438 3293 669 3345 brasium
707 3304 1065 3364 praeparatum
1108 3295 1290 3358 fuerit,
1333 3295 1496 3347 curiae
1538 3296 1758 3348 reddere
1785 3316 1905 3349 cum
1942 3317 2191 3352 mensura

498 3468 511 3493 ¹
544 3470 806 3528 “Quicquid
834 3473 917 3515 cibi
942 3481 1093 3529 praeter
1114 3487 1267 3530 panem
1356 3472 1574 3530 (Brompt.
1611 3487 1652 3529 p.
1691 3473 1797 3530 854)
1834 3488 1879 3515 as
1915 3488 1940 3515 a
1970 3474 2057 3517 fine
2086 3476 2188 3533 paid

441 3533 482 3566 ct
498 3533 644 3582 potum
663 3528 705 3580 ;’'
737 3530 930 3573 Somner.
983 3531 1171 3573 “Unum
1194 3546 1267 3588 pa·
1353 3531 1411 3588 by
1432 3531 1536 3573 each
1553 3545 1632 3572 one
1661 3530 1709 3572 of
1738 3545 1763 3572 a
1782 3530 1871 3586 gild
1903 3546 1949 3573 or
1977 3546 2188 3592 company

441 3596 535 3624 nem
602 3592 643 3626 et
706 3588 1039 3644 companagium,
1058 3588 1085 3609 '’
1141 3603 1268 3630 occur
1355 3589 1417 3630 for
1447 3588 1520 3630 the
1556 3587 1649 3630 sou]
1690 3587 1738 3629 of
1768 3602 1793 3629 a
1821 3588 2184 3644 ghilde-brozher.

438 3640 560 3694 again
602 3641 644 3682 in
685 3642 756 3685 the
796 3644 898 3687 laws
954 3645 1002 3687 of
1038 3645 1264 3688 Athelstan
1354 3646 1541 3688 Ancient
1563 3645 1699 3699 Laws,
1722 3644 1802 3689 ὅτε.
1826 3646 1870 3689 ii.
1893 3649 1993 3691 499.
