2398 4152
700 438 1070 481 MONASTERII
1108 439 1188 480 DE
1225 438 1431 479 BELLO.
1819 427 1919 480 169

195 559 431 624 ecclesia,
470 560 745 614 humiliter
785 563 1101 632 supplicam,
1147 570 1208 613 ut
1251 562 1307 613 in
1346 561 1565 613 ecclesia
1608 579 1702 612 sua
1743 561 1926 613 minis-

192 651 334 694 trum
381 644 684 712 provideret
731 646 1001 698 idoneum.
1078 645 1387 697 Sacerdotes
1438 663 1570 713 quos
1617 645 1774 696 bonae
1811 645 1926 713 opi-

192 727 364 779 nionis
412 737 467 780 et
513 729 670 782 famae
720 749 831 782 esse
884 731 1086 794 didicit,
1138 739 1246 782 tam
1293 750 1364 782 ex
1420 729 1635 782 remotis
1684 730 1926 799 partibus

192 829 351 879 quam
390 830 460 862 ex
493 813 735 864 finitimis
770 814 950 882 plures
988 815 1053 865 ad
1091 833 1145 865 se
1181 814 1359 865 venire
1397 813 1611 876 faciens,
1653 814 1728 864 eis
1759 829 1926 883 saepe-

190 893 347 944 dictae
387 895 622 947 ecclesiae
661 897 1012 948 ministerium
1051 897 1266 960 obtulit,
1309 905 1364 948 et
1404 915 1474 948 ex
1514 915 1576 947 ea
1612 897 1926 965 proveniens

193 977 531 1030 beneficium.
610 978 715 1030 Sed
747 980 804 1030 in
851 980 980 1031 locis
1021 980 1297 1049 oportunis
1338 988 1592 1047 congruas
1641 980 1708 1030 ad
1745 980 1927 1031 minis-

189 1061 437 1112 trandum
469 1062 764 1114 mansiones
800 1063 1073 1125 habentes,
1116 1072 1243 1114 nota
1275 1082 1372 1132 pro
1409 1062 1606 1130 ignotis
1636 1062 1927 1114 noluerunt

190 1153 529 1197 commutare.
608 1145 937 1214 suggestum
980 1154 1061 1198 est
1103 1147 1305 1197 interea
1348 1146 1530 1197 abbati
1579 1146 1643 1196 de
1694 1146 1924 1214 quodam
1946 1156 2006 1189 the
2019 1156 2126 1198 living

189 1228 409 1280 diacono
448 1229 689 1281 Waltero
725 1229 956 1292 nomine,
997 1229 1091 1297 qui
1138 1229 1195 1280 in
1242 1228 1481 1280 Bercsire
1521 1228 1578 1279 in
1615 1229 1923 1297 episcopatu
1945 1198 2129 1271 ‘v'ggffiffi

192 1310 576 1364 Saresberiensi
614 1331 814 1364 moram
850 1312 1068 1375 faciens,
1111 1324 1165 1363 et
1212 1312 1336 1363 inde
1386 1311 1598 1363 trahens
1648 1312 1924 1381 originem,
1946 1281 2139 1320 Berkslm’

187 1395 436 1447 immunis
463 1414 678 1465 quoque
711 1397 777 1448 ab
804 1397 948 1448 omni
982 1396 1334 1448 ecclesiastico
1368 1396 1646 1460 beneficio,
1680 1396 1737 1446 in
1772 1405 1927 1465 gestu

189 1486 244 1530 et
278 1486 400 1530 actu
435 1479 575 1530 inter
612 1479 869 1531 scolarum
907 1479 1162 1531 exercitia
1196 1497 1404 1531 morum
1439 1480 1797 1548 praetenderet
1831 1480 1928 1532 ho-

187 1570 462 1614 nestatem.
537 1562 836 1615 Dicebatur
868 1582 899 1614 a
932 1563 1269 1631 quibusdam,
1296 1563 1552 1614 divinitus
1578 1564 1642 1614 de
1677 1583 1739 1615 eo
1763 1563 1926 1615 fuisse

187 1647 495 1709 revelatum,
534 1654 598 1698 ut
633 1647 699 1698 ad
730 1648 1133 1716 praenominatae
1173 1646 1411 1698 ecclesiae
1447 1647 1804 1699 ministerium
1836 1666 1927 1699 vo-

194 1738 420 1794 caretur,
447 1730 564 1782 loco
588 1731 866 1782 manifeste
893 1732 949 1782 in
976 1750 1082 1800 quo
1109 1739 1248 1782 esset
1271 1731 1618 1782 inveniendus
1644 1730 1924 1781 declarato.

188 1814 373 1866 Abbas
417 1833 541 1882 ergo
579 1814 771 1866 litteris
801 1815 869 1866 ad
903 1833 1025 1866 eum
1057 1814 1288 1877 directis,
1327 1821 1390 1864 ut
1429 1832 1607 1865 secum
1646 1813 1926 1864 locuturus

187 1898 391 1950 veniret
427 1898 711 1962 mandavit,
755 1898 1009 1966 venitque
1051 1906 1282 1960 vocatus,
1333 1897 1390 1948 in
1431 1897 1567 1960 loco,
1613 1915 1771 1965 super
1818 1915 1926 1965 quo

186 1981 476 2033 revelatum
506 1981 670 2032 fuisse
697 1981 987 2044 dicebatur,
1023 1981 1285 2032 inventus.
1364 1980 1465 2032 Cui
1490 1980 1619 2032 licet
1655 1988 1812 2031 antea
1843 1981 1925 2032 in-

188 2066 399 2134 cognito
444 2066 607 2117 abbas
648 2066 932 2134 regendam
970 2066 1170 2117 obtulit
1207 2064 1498 2127 ecclesiam,
1545 2072 1599 2115 et
1646 2055 1732 2115 ut*
1755 2063 1813 2114 in
1862 2082 1924 2115 ea

187 2150 581 2201 ministraturus
634 2149 881 2219 proximo
944 2149 1290 2200 ordinationis
1345 2156 1582 2216 tempore
1633 2147 1926 2216 susciperet

185 2235 567 2303 presbiteratus
606 2234 855 2285 officium.
932 2232 1202 2285 Diaconus
1241 2232 1391 2284 nulla
1435 2230 1728 2300 cupiditate
1778 2231 1925 2282 illec-
1943 2254 2020 2286 who
2034 2253 2120 2285 hesi.

189 2325 293 2381 tus,
343 2310 565 2386 seseque
613 2317 888 2368 humiliter
925 2335 1200 2379 excusans,
1252 2315 1543 2385 respondit,
1598 2318 1633 2342 ‘⁶
1655 2313 1924 2382 Propositi
1943 2298 2178 2378 ffisseiticoept‘

187 2402 270 2454 sui
307 2402 543 2454 nondum
576 2420 688 2453 esse
729 2410 793 2453 ut
830 2403 1178 2470 regendarum
1218 2401 1510 2452 animarum
1550 2417 1728 2451 curam
1762 2399 1925 2450 susci-

184 2494 351 2555 peret,
383 2487 451 2537 ad
476 2504 634 2553 quam
675 2504 729 2536 se
767 2486 943 2537 minus
983 2485 1235 2537 idoneum
1270 2485 1553 2547 asserebat,
1590 2501 1794 2534 summo
1821 2482 1923 2534 sibi

187 2589 298 2622 esse
324 2570 582 2622 desiderio
607 2570 893 2621 scolasticis
918 2570 1086 2621 adhuc
1111 2569 1347 2621 exerceri
1372 2568 1578 2632 studiis,
1605 2567 1742 2618 nihil
1766 2586 1926 2636 super

186 2673 242 2705 re
267 2662 376 2705 tam
409 2654 573 2705 ardua
612 2672 665 2704 se
698 2672 852 2722 posse
882 2662 1101 2723 repente
1139 2672 1480 2723 praesumere,
1517 2643 1622 2703 nisi
1656 2651 1806 2719 prius
1840 2651 1922 2701 in·-

189 2738 385 2807 quisito
425 2737 713 2789 amicorum
753 2755 969 2789 suorum
1005 2756 1220 2789 assensu
1254 2746 1415 2806 atque
1461 2735 1731 2788 consilio.”
1806 2734 1922 2786 Has

189 2829 244 2873 et
284 2821 590 2891 hujusmodi
632 2821 968 2889 praetendens
1011 2821 1400 2883 excusationes,
1440 2820 1713 2870 nitebatur
1755 2817 1923 2869 omni-

190 2905 359 2957 modis
408 2905 777 2973 subterfugere
817 2906 959 2973 quod
1004 2905 1176 2956 solent
1217 2904 1375 2955 multi
1417 2922 1622 2956 summo
1662 2902 1922 2953 desiderio

189 2990 449 3040 affectare.
525 2988 769 3040 Instabat
794 2989 956 3040 abbas
989 2996 1050 3039 ut
1077 2989 1222 3056 quod
1256 2987 1579 3038 offerebatur
1611 2985 1920 3053 susciperet,

190 3073 369 3124 dicens
399 3073 499 3124 hoc
528 3073 693 3142 magis
727 3092 798 3124 ex
834 3072 1011 3123 divino
1054 3090 1213 3139 quam
1254 3090 1324 3121 ex
1358 3071 1590 3121 humano
1619 3068 1923 3137 provenisse

189 3157 425 3220 consilio,
475 3164 538 3208 ut
585 3157 652 3208 ad
711 3156 1010 3225 saepedictae
1062 3155 1297 3206 ecclesiae
1345 3153 1582 3221 regimen
1628 3160 1921 3215 vocaretur,

190 3241 363 3310 ipsum
401 3241 508 3293 Dei
534 3249 589 3292 et
610 3242 781 3292 beatae
808 3240 1049 3307 Virginis
1087 3240 1268 3291 matris
1294 3239 1627 3289 incursurum
1652 3238 1922 3300 offensam,

189 3324 231 3375 si
275 3325 670 3393 subterfugeret
703 3323 1033 3375 vocationem
1068 3341 1225 3390 quam
1258 3323 1533 3373 constabat
1566 3321 1782 3372 omnino
1809 3339 1921 3387 esse

189 3408 503 3465 canonicam.
578 3407 879 3459 Haesitabat
926 3406 1067 3456 inter
1110 3405 1225 3456 haec
1264 3405 1515 3456 diaconus
1562 3404 1648 3455 cui
1685 3422 1739 3454 se
1783 3403 1922 3472 parti

188 3492 520 3561 potissimum
560 3491 854 3553 inclinaret,
891 3488 1211 3557 suscipiendi
1253 3488 1454 3539 scilicet
1493 3495 1587 3538 aut
1626 3487 1921 3550 recusandi,

190 3576 314 3644 quia
361 3576 713 3646 suscipiendO,
767 3573 1026 3626 scolastici
1079 3572 1323 3624 exercitii
1372 3572 1703 3642 disciplinam
1762 3571 1922 3623 relin-
