2398 4152
698 418 1060 460 MONAs'rERn
1098 420 1179 459 DE
1219 420 1424 461 BELLo.
1816 404 1917 461 127

197 561 324 612 pace
350 551 404 593 et
427 543 723 605 concordia,
752 543 845 594 sed
870 543 965 594 lite
991 552 1046 594 et
1063 542 1278 611 judicio
1299 542 1710 610 procedendum.
1755 540 1925 593 Arcta

184 635 282 678 vtus
307 626 470 694 igitur
494 627 800 696 plurimum,
820 627 1019 695 quippe
1040 645 1160 677 cum
1184 644 1293 676 rem
1323 625 1422 677 sibi
1447 644 1543 694 pro
1559 633 1682 676 voto
1707 625 1923 676 minime

196 709 408 760 cessisse
435 710 777 778 conspiceret,
804 710 1050 760 abbatem
1088 728 1182 778 per
1220 709 1512 760 Ricardum
1539 709 1924 760 Pictaviensem

195 792 647 843 archidiaconum¹
698 792 846 854 adiit,
898 792 1000 842 toti
1050 811 1103 842 se
1147 792 1259 860 juri
1310 793 1454 859 quod
1501 792 1557 842 in
1596 791 1927 859 quibuslibet

196 876 428 928 ecclesiis
452 876 770 927 monasterio
797 876 860 927 de
899 875 1051 926 Bello
1091 875 1337 926 dotaliter
1362 875 1634 943 assignatis
1659 875 1927 926 fatebatur

194 958 388 1008 habere
419 958 677 1026 pollicens
715 958 930 1008 omnino
962 957 1409 1020 renuntiaturum,
1438 957 1482 1007 si
1521 958 1785 1025 quendam
1822 958 1927 1008 fra-

194 1049 327 1092 trem
350 1042 464 1110 ejus
490 1041 765 1109 Rogerum
781 1041 845 1091 de
869 1040 1141 1107 Bellafago
1163 1040 1374 1090 nomine
1395 1040 1452 1090 in
1468 1039 1631 1091 solam
1657 1040 1927 1091 ecclesiam

197 1125 262 1176 de
289 1124 578 1175 Brantham
603 1124 925 1175 consentiret
973 1123 1379 1185 instituendum,
1431 1123 1529 1174 sub
1569 1124 1751 1173 eadem
1798 1142 1928 1190 pen-

198 1207 344 1259 sione
372 1226 478 1275 qua
501 1207 663 1276 paulo
693 1216 815 1258 ante
852 1206 992 1257 inter
1025 1206 1272 1256 abbatem
1298 1214 1353 1256 et
1376 1206 1551 1274 ipsum
1578 1206 1927 1273 compositum

196 1299 292 1354 est,
332 1291 545 1342 nomine
583 1290 824 1358 saepefati
862 1290 1167 1341 monasterii
1203 1291 1267 1340 de
1306 1289 1477 1352 Bello,
1518 1290 1694 1357 quoad
1729 1290 1930 1341 viveret

197 1375 495 1426 tenendam.
572 1374 738 1425 Porro
778 1374 939 1425 abbas
979 1391 1195 1424 suorum
1233 1392 1360 1424 usus
1404 1373 1640 1436 consilio,
1677 1373 1927 1440 petitioni

199 1457 362 1508 Alani
389 1457 623 1509 decrevit
647 1458 704 1508 in
727 1458 824 1508 hac
855 1465 1004 1526 parte
1031 1457 1477 1520 satisfaciendum,
1506 1464 1715 1525 tempus
1742 1464 1805 1507 ut
1829 1476 1928 1524 pu-

197 1542 410 1592 tabatur
444 1550 765 1610 oportunum
804 1549 1007 1604 nactus,
1037 1559 1142 1608 quo
1183 1540 1295 1609 ipse
1336 1540 1542 1591 Alanus
1579 1541 1644 1590 ab
1687 1540 1931 1591 omnibus

198 1641 320 1693 quae
346 1632 472 1675 sunt
496 1623 803 1675 monasterii
841 1625 1006 1675 sancti
1046 1624 1271 1675 Martini
1298 1625 1362 1675 de
1390 1624 1544 1675 Bello
1571 1623 1785 1674 omnino
1811 1624 1929 1674 red-

196 1708 411 1758 deretur
449 1707 669 1759 alienus.
748 1706 1029 1759 Consensit
1070 1708 1234 1774 igitur
1274 1708 1564 1776 prudenter
1603 1716 1796 1771 tamen,
1822 1726 1929 1758 non
1950 1736 2089 1809 comIptn
2052 1725 2134 1758 osea

200 1791 351 1858 quasi
393 1790 460 1840 ad
497 1789 595 1841 hoc
636 1790 850 1841 omnino
887 1790 1162 1840 voluntate
1207 1791 1415 1854 ductus,
1448 1792 1539 1842 scd
1582 1799 1836 1859 tanquam
1873 1778 1992 1841 idag

196 1872 597 1924 intervenientis
623 1873 977 1925 archidiaconi
1004 1873 1273 1924 dilectioni
1306 1874 1659 1942 praestiturUS.
1727 1873 1793 1924 In
1820 1892 1928 1924 om

195 1956 345 2007 nium
381 1955 563 2025 itaque
608 1964 717 2008 tam
749 1956 1086 2026 justiciarum
1118 1956 1320 2007 scilicet
1350 1958 1548 2008 domini
1584 1957 1738 2025 regis,
1772 1976 1931 2025 quam

198 2047 254 2090 et
275 2040 534 2091 baronum
574 2048 629 2091 et
665 2039 890 2091 aliorum
916 2040 1312 2108 quamplurium
1340 2041 1433 2109 qui
1458 2041 1713 2092 scaccario
1738 2041 1931 2091 intere-

197 2118 317 2174 rant
362 2124 646 2192 praesentia
686 2131 741 2174 et
780 2123 1070 2187 audientia,
1111 2122 1320 2175 Alanus
1368 2124 1583 2193 publice
1620 2125 1927 2193 procedens,

199 2207 431 2258 ecclesiae
466 2208 530 2258 de
576 2207 882 2269 Brantham,
912 2207 1149 2258 ecclesiae
1183 2208 1247 2258 de
1284 2208 1669 2269 Mendlesham,
1694 2208 1928 2259 ecclesiae

201 2292 266 2342 de
317 2291 597 2352 Branford,
652 2290 965 2358 caeterisque
1011 2291 1256 2341 omnibus
1295 2291 1526 2342 ecclesiis
1569 2292 1834 2343 dotalibus
1874 2292 1931 2342 in

198 2382 518 2443 perpetuum
556 2373 898 2435 renuntiavit,
935 2373 1116 2441 sicque
1160 2374 1320 2424 abbas
1355 2374 1518 2425 solam
1557 2375 1830 2427 ecclesiam
1866 2376 1927 2426 de

199 2457 488 2508 Brantham
514 2458 727 2525 Rogero
768 2457 832 2507 de
865 2456 1139 2524 Bellafago
1172 2458 1270 2507 sub
1310 2458 1564 2526 pensione
1597 2459 1757 2509 unius
1783 2459 1930 2510 aurei

198 2541 515 2592 monasterio
542 2541 606 2591 de
635 2540 788 2591 Bello
823 2540 1099 2591 annuatIm
1136 2541 1385 2592 solvenda
1414 2543 1695 2593 tenendam
1723 2561 1932 2593 conces-

202 2624 286 2676 sit.
366 2624 472 2675 Sed
495 2643 561 2675 ne
588 2631 742 2675 extra
766 2642 1078 2674 consensum
1104 2633 1394 2676 conventus
1421 2626 1503 2676 sui
1528 2626 1733 2693 aliquid
1757 2627 1814 2677 in
1838 2627 1934 2677 hac

202 2716 352 2776 parte
395 2708 566 2758 facere
608 2707 893 2771 videretur,
935 2707 1075 2758 diem
1119 2708 1307 2759 statuit
1350 2727 1456 2777 quo
1505 2709 1646 2760 idem
1690 2711 1936 2777 Rogerus

205 2792 416 2842 Bellum
440 2790 656 2841 veniens
682 2791 905 2841 eandem
931 2791 1205 2842 ecclesiam
1221 2811 1342 2843 cum
1359 2800 1502 2843 carta
1527 2793 1937 2844 confirmationis

205 2894 275 2926 ex
300 2892 555 2926 consensu
581 2883 868 2925 conventus
906 2875 1210 2942 susciperet,
1238 2876 1587 2943 praestitoque
1614 2886 1937 2927 sacramento

208 2959 270 3008 de
307 2957 564 3009 fidelitate
600 2957 851 3007 servanda
889 2966 943 3006 et
975 2957 1229 3025 pensione
1266 2958 1470 3026 integre
1503 2959 1765 3021 solvenda,
1793 2967 1938 3027 post-

208 3041 422 3091 modum
455 3041 523 3091 ad
551 3040 895 3109 episcopqu
937 3040 1334 3091 Norwicensem
1366 3040 1686 3103 mitteretur,
1714 3042 1779 3092 ad
1803 3059 1938 3109 prae-

208 3124 556 3175 sentationem
592 3124 797 3174 abbatis
825 3131 879 3173 et
904 3132 1191 3174 conventus
1226 3124 1602 3176 instituendus.
1680 3125 1939 3176 Omnibus

208 3227 330 3260 vero
365 3216 428 3259 ut
474 3226 557 3258 res
589 3207 702 3275 ipsa
752 3207 1002 3274 exigebat
1051 3207 1150 3258 rite
1191 3207 1436 3274 peractis,
1465 3226 1582 3258 cum
1628 3209 1739 3275 jam
1765 3209 1941 3259 omnia

269 3337 279 3362 ¹
313 3336 571 3379 Afterwards
607 3334 775 3377 created
805 3334 966 3391 Bishop
989 3334 1036 3376 of
1120 3333 1347 3375 addressed
1368 3341 1411 3375 to
1427 3334 1516 3376 him
1537 3335 1594 3391 by
1614 3335 1727 3377 John
1750 3336 1798 3377 of
1813 3336 1940 3379 Salis-

212 3394 485 3437 Winchester
540 3393 584 3434 in
634 3392 706 3433 the
757 3405 856 3448 year
906 3392 1031 3434 1173.
1120 3390 1228 3446 bury
1258 3405 1326 3432 are
1357 3390 1489 3433 found
1523 3392 1610 3434 also
1640 3394 1683 3434 in
1718 3393 1790 3435 the
1826 3394 1940 3447 Qua

213 3451 282 3493 He
297 3465 382 3493 was
403 3466 427 3493 a
441 3449 577 3492 friend
593 3449 640 3491 of
650 3449 722 3490 the
739 3440 896 3490 Abbot'
900 3463 934 3502 s,
950 3448 1033 3490 and
1122 3447 1306 3503 drilogus
1328 3448 1376 3489 of
1402 3448 1466 3490 Lu
1496 3464 1559 3491 us.

212 3508 352 3550 whilst
383 3507 658 3550 Archdeacon
694 3506 741 3547 of
768 3505 919 3546 Poitou
948 3519 1032 3546 was
1179 3504 1195 3527 ²
1227 3505 1344 3546 Wm.
1382 3505 1469 3547 Tur
1500 3521 1561 3560 us,
1600 3507 1799 3565 formerly
1821 3508 1939 3551 Prior

213 3563 604 3608 excommunicated
643 3563 700 3619 by
744 3563 804 3604 St.
848 3562 1034 3603 Thomas
1123 3562 1170 3603 of
1192 3561 1411 3605 Norwich

213 3622 259 3663 of
309 3621 585 3697 Canterbury.
666 3619 834 3661 Several
888 3619 1034 3661 letters
