2398 4152
621 427 984 467 MONAs'rERn
1028 426 1108 465 DE
1151 426 1355 465 BELLo.
1751 413 1852 461 115

128 547 345 598 minimo
370 548 530 598 immo
557 549 622 599 de
647 549 795 600 nullo
813 550 934 618 jure
961 567 1055 599 suo
1081 549 1371 617 plurimum
1396 547 1582 610 diffisa,
1626 565 1721 597 nec
1758 566 1853 615 per

127 650 180 683 se
206 650 299 682 nec
324 650 420 699 per
443 633 796 700 responsalem
821 632 1132 700 comparuit.
1207 631 1241 682 J
1243 631 1486 683 udicibus
1519 630 1852 682 manifestam

124 714 288 782 partis
322 715 553 765 adversae
581 715 963 766 contumaciam
989 715 1403 777 attendentibus,
1440 716 1548 783 jam
1587 714 1733 764 nulla
1756 733 1850 781 po-

126 805 260 847 terat
296 797 621 849 intercedere
657 798 858 860 dilatio,
899 798 1029 866 quin
1064 816 1191 848 mox
1217 798 1273 847 in
1300 816 1454 848 causa
1486 796 1846 864 procederent,

124 877 187 927 de
219 878 340 945 jure
382 878 587 929 abbatis
622 886 678 929 et
714 878 1017 929 monasterii
1061 878 1125 928 de
1162 877 1314 928 Bello
1340 876 1631 927 certissimi.
1706 875 1847 926 Data
1870 892 2036 941 senteqce

123 978 246 1027 ergo
282 961 545 1012 sententia
569 961 883 1012 auctoritate
922 960 1225 1029 apostolica,
1262 967 1588 1027 sequestrata
1613 967 1693 1009 est
1710 960 1844 1027 jam·
1867 943 2034 1047 ιῗιιὶιῗέιξξ(

122 1042 261 1093 dicta
295 1043 512 1094 ecclesia
545 1044 609 1094 de
645 1043 967 1106 Middehale,
1003 1051 1058 1094 et
1090 1043 1267 1093 abbati
1294 1061 1448 1093 causa
1476 1043 1553 1092 rei
1578 1043 1844 1092 servandae
2018 1024 2071 1055 η’

121 1127 407 1190 commissa,
450 1128 571 1178 data
605 1127 821 1195 quidem
862 1126 1184 1187 conditione,
1226 1134 1288 1175 ut
1330 1125 1374 1175 si
1410 1125 1645 1175 canonici
1689 1143 1846 1193 super

120 1210 296 1261 eadem
322 1228 476 1260 causa
499 1209 638 1260 infra
663 1228 858 1260 annum
885 1210 1139 1260 ducerent
1160 1208 1495 1275 litigandum,
1524 1208 1683 1258 abbas
1708 1227 1846 1275 prae-

117 1292 278 1344 fatam
317 1293 588 1345 ecclesiam
622 1293 912 1361 resignaret
946 1292 1003 1342 in
1034 1310 1220 1343 manus
1254 1291 1514 1360 judicum.
1594 1290 1846 1342 Canonici

119 1383 295 1426 autem
336 1378 483 1445 justa
531 1395 584 1428 se
627 1376 819 1445 judicii
876 1376 1079 1427 ratione
1138 1376 1202 1425 ab
1259 1375 1457 1443 injusta
1518 1376 1844 1443 possessione

118 1458 352 1510 videntes
395 1479 506 1511 esse
550 1468 767 1523 amotos,
810 1461 877 1511 ad
925 1468 1137 1527 tempus
1165 1459 1481 1527 quieverunt
1521 1477 1551 1508 a
1593 1459 1706 1521 lite,
1754 1460 1845 1509 do-

118 1542 258 1592 mino
301 1543 501 1594 scilicet
546 1563 667 1612 rege
708 1543 944 1595 Henrico
984 1551 1038 1593 et
1075 1543 1266 1593 abbate
1306 1542 1549 1593 Waltero
1593 1542 1844 1609 supersti-

118 1625 276 1677 tibus,
354 1626 627 1695 Susceptis
655 1626 902 1696 judicum
944 1626 1135 1678 litteris
1173 1625 1482 1694 patentibus
1525 1625 1591 1674 ad
1635 1625 1844 1677 Norwi-

117 1727 321 1760 oensem
357 1710 663 1778 episcopum
703 1710 767 1760 de
802 1710 1101 1760 inducendo
1136 1710 1326 1759 abbate
1364 1708 1420 1758 in
1460 1708 1842 1776 possessionem

116 1792 347 1844 ecclesiae
397 1793 461 1843 de
505 1793 814 1844 Middehale
865 1812 1021 1844 causa
1068 1793 1147 1843 rei
1196 1792 1481 1853 servandae,
1525 1792 1685 1841 abbas
1714 1810 1842 1842 mox

115 1876 434 1944 possessione
475 1885 734 1946 suscepta,
783 1876 1054 1928 ecclesiam
1097 1876 1306 1926 cuidam
1349 1875 1554 1938 clerico,
1602 1875 1841 1925 Roberto

116 1958 435 2029 Philosopho
469 1960 700 2022 nomine,
744 1961 895 2028 cujus
934 1960 1110 2010 labore
1149 1968 1202 2009 et
1227 1958 1487 2009 industria
1510 1976 1593 2008 res
1620 1977 1690 2007 ex
1723 1958 1843 2026 plu-

115 2041 245 2093 rima
280 2051 430 2111 parte
456 2043 523 2093 ad
546 2043 688 2094 hunc
714 2043 874 2093 finem
899 2043 1154 2111 perducta
1179 2050 1274 2104 est,
1317 2042 1380 2092 de
1417 2041 1635 2091 ecclesia
1674 2042 1839 2092 sancti

116 2124 338 2177 Martini
377 2127 440 2178 de
467 2126 619 2177 Bello
658 2127 756 2177 sub
795 2134 937 2178 certa
967 2126 1221 2194 pensione
1258 2125 1540 2176 tenendam
1566 2124 1838 2175 concessit.

116 2208 289 2262 Quam
329 2210 470 2260 idem
507 2209 780 2261 Robertus
820 2211 993 2279 quoad
1029 2210 1169 2261 vixit
1204 2209 1420 2277 pacifice
1457 2208 1708 2276 possedit,
1745 2226 1840 2259 nec

115 2301 223 2344 erat
248 2294 310 2344 de
334 2302 524 2345 caetero
553 2295 647 2364 qui
674 2313 797 2345 eum
823 2312 977 2363 super
1007 2295 1190 2344 eadem
1214 2293 1271 2343 in
1297 2311 1506 2342 causam
1533 2292 1781 2342 traheret.

183 2376 285 2428 His
324 2378 400 2428 ita
435 2377 562 2430 licet
602 2396 723 2429 cum
765 2378 948 2432 labore,
990 2387 1044 2429 et
1093 2376 1404 2429 difficultate
1445 2375 1835 2437 consummatis,
1858 2394 1931 2424 The
1953 2393 2070 2425 Abbot

1859 2435 2021 2474 proceeds
2036 2435 2072 2466 in

112 2459 269 2511 abbas
307 2461 373 2512 ad
422 2469 613 2512 caetera
654 2462 852 2530 injuste
897 2461 1125 2512 alienata
1165 2478 1261 2529 pro
1305 2459 1506 2510 viribus
1551 2459 1838 2509 revocanda
1859 2475 2031 2556 ῗξιιέῗῐξέιιὼ

2034 2528 2049 2547 S

112 2542 388 2594 animosior
428 2544 667 2603 redditur
694 2553 748 2595 et
772 2545 1046 2613 promtior.
1124 2543 1298 2610 Igitur
1324 2542 1599 2593 ecclesiam
1627 2543 1690 2592 de
1719 2542 1836 2592 Tri·
1858 2556 1949 2597 right
1961 2562 1997 2589 to
2013 2568 2032 2588 a

1857 2599 1999 2638 pension
2014 2599 2101 2630 from

109 2625 235 2677 lawe
277 2643 398 2694 quae
440 2646 547 2677 una
584 2646 694 2678 esse
740 2627 1028 2678 dinoscitur
1062 2645 1132 2677 ex
1164 2626 1247 2676 his
1285 2645 1414 2693 quas
1448 2626 1505 2675 in
1540 2626 1716 2676 dotem
1754 2645 1836 2676 ec·
1857 2640 2069 2720 &gyson-

112 2709 281 2760 clesiae
325 2710 493 2760 sancti
536 2710 760 2761 Martini
797 2711 860 2761 de
897 2709 1051 2760 Bello
1088 2728 1117 2759 a
1152 2728 1274 2776 rege
1302 2708 1578 2759 Willelmo
1605 2709 1836 2758 secundo
1857 2722 2011 2754 Trilawe.

110 2811 371 2845 concessas
411 2795 830 2862 memoravimus,
874 2794 1089 2861 quidam
1125 2793 1370 2860 Rogerus
1412 2793 1690 2861 presbyter
1739 2794 1835 2843 sub

110 2884 248 2927 certa
287 2877 539 2945 pensione
581 2877 814 2928 ecclesiae
859 2878 921 2929 de
975 2877 1127 2927 Bello
1170 2877 1441 2927 annuatim
1483 2876 1731 2927 solvenda
1755 2896 1835 2926 re-

0 2950 1 3003 }
33 2986 36 2990 ⁴
109 2960 320 3011 troactis
344 2961 671 3028 temporibus
697 2968 956 3012 tenuerat.
1036 2959 1147 3013 Qui
1182 2978 1302 3009 cum
1326 2959 1681 3029 postmodum,
1708 2959 1833 3009 fidei

111 3050 163 3094 et
184 3043 450 3111 religionis
477 3044 690 3106 oblitus,
720 3064 750 3095 a
774 3044 971 3095 debitae
1000 3043 1268 3111 pensionis
1295 3051 1522 3094 cessaret
1549 3042 1829 3103 solutione,

109 3125 376 3195 ipsamque
425 3128 697 3199 ecclesiam
749 3147 779 3179 a
814 3129 935 3196 jure
985 3126 1217 3177 ecclesiae
1277 3125 1443 3175 sancti
1492 3125 1717 3176 Martini
1766 3126 1829 3174 de

113 3207 260 3261 Bello
284 3211 543 3263 niteretur
568 3211 879 3271 abalienare,
909 3210 1002 3260 ubi
1030 3228 1112 3260 res
1138 3209 1204 3258 ad
1228 3208 1435 3258 abbatis
1462 3215 1517 3258 et
1543 3216 1830 3258 conventus

112 3291 174 3343 de
200 3292 350 3344 Bello
386 3295 479 3362 qui
514 3302 641 3344 tunc
676 3293 928 3363 temporis
964 3300 1111 3342 erant
1145 3291 1385 3360 pervenit
1416 3291 1678 3352 notitiam,
1708 3309 1830 3341 eum

111 3391 264 3443 super
296 3377 394 3428 hoc
429 3378 713 3428 instantius
740 3384 1020 3427 traxerunt
1058 3376 1113 3424 in
1140 3392 1365 3428 causam.
1444 3373 1681 3423 Tandem
1708 3392 1830 3424 con-

111 3458 277 3509 victus
320 3478 438 3510 cum
482 3480 535 3511 se
578 3460 855 3512 resistendi
903 3459 1174 3526 impotem,
1216 3458 1435 3525 jamque
1483 3456 1832 3508 ecclesiastica

112 3559 327 3595 censura
366 3545 430 3595 ab
466 3545 632 3614 ipsius
669 3543 904 3595 ecelesiae
936 3542 1260 3611 possessione
1288 3549 1623 3609 cognosceret
1649 3541 1831 3609 expel-

1591 3637 1603 3663 1
1633 3626 1659 3663 2
