2398 4152
507 453 612 504 140
1002 461 1284 503 HISTORIA
1328 459 1742 501 FUNDATIONIS

503 606 676 651 onem,
695 587 865 638 sciens
891 586 1144 656 quoniam
1169 604 1312 655 saepe
1337 603 1485 646 mora
1507 584 1683 636 trahat
1705 582 2022 652 periculum.
2097 581 2257 635 Unde

504 672 631 740 quia
669 679 893 741 propter
926 670 1078 739 regni
1118 671 1284 721 ardua
1318 669 1537 737 negotia
1568 669 1767 737 quibus
1790 668 2024 720 maxime
2049 666 2270 736 prospi-·

503 775 620 808 cere
665 757 950 808 tenebatur
993 773 1065 806 ex
1091 755 1265 806 officio
1299 753 1622 824 justiciario,
1667 752 2002 821 quibuslibet
2025 751 2258 820 negotiis

500 840 798 891 minoribus
838 840 1119 892 audiendis
1159 858 1367 907 semper
1404 857 1603 890 vacare⁴
1631 857 1741 889 non
1764 845 1993 907 poterat,
2034 836 2258 888 notariis

501 924 612 977 suis
640 924 913 994 sigillique
940 924 1024 976 sui
1050 924 1361 976 custodibus
1379 923 1656 992 praecepit,
1684 930 1748 974 ut
1774 921 2024 990 quotiens
2048 921 2257 990 aliquos

500 1009 568 1060 ad
606 1009 785 1078 ipsum
828 1028 926 1078 pro
962 1008 1298 1078 quibuslibet
1323 1009 1562 1077 ejusdem
1587 1006 1824 1058 ecclesiae
1850 1006 2067 1075 agendis
2091 1006 2258 1074 inter-7

498 1093 811 1162 pellandum
854 1095 1035 1145 venire
1077 1100 1474 1162 cognoscerent,
1516 1111 1646 1144 mox
1686 1091 1954 1143 sententia
1994 1091 2114 1160 ejus'
2147 1109 2258 1142 non

499 1186 787 1247 expectata
823 1178 928 1230 nisi
971 1179 1029 1229 in
1069 1178 1268 1243 arduiS,
1310 1176 1527 1228 nomine
1573 1172 1670 1228 suo
1698 1183 1888 1227 cuncta
1925 1193 2023 1244 pro
2060 1175 2256 1244 quibus

496 1262 768 1315 venissent
796 1264 1133 1332 expedirent.

229 1349 467 1383 Presentatiffl
574 1346 689 1399 Sub
715 1347 817 1399 hoc
853 1357 1093 1416 tempore
1130 1348 1505 1416 presbyterum
1547 1345 1786 1397 ecclesiae
1822 1346 1887 1397 de
1922 1345 2019 1398 Wi
2044 1343 2259 1397 Willel-

227 1396 264 1423 to
275 1393 333 1423 the
349 1392 478 1433 moiety

227 1433 476 1506 ffitggseichurch
497 1430 646 1482 mum
685 1432 901 1483 nomine
937 1432 1192 1483 decedere
1221 1431 1464 1498 contigit,
1495 1431 1590 1498 qui
1617 1431 1856 1499 ejusdem
1882 1429 2119 1483 ecclesiae
2145 1447 2258 1479 me-.-

229 1516 377 1596 {rgffi‘ss‘}
388 1519 435 1589 {fe
499 1516 754 1568 dietatem
795 1535 867 1567 ex
893 1516 1231 1568 concessione
1272 1515 1480 1567 abbatis
1508 1514 1752 1566 defuncti
1794 1522 1849 1565 et
1884 1514 2111 1565 fratrum
2134 1532 2257 1583 pos-

226 1599 481 1673 {flsserigffe‘gssof
499 1601 724 1655 sederat.
804 1601 969 1655 Quod
995 1620 1117 1653 cum
1143 1601 1210 1652 ad
1243 1600 1344 1652 viri
1369 1599 1595 1651 illustris
1621 1598 1844 1651 Ricardi
1870 1599 1935 1650 de
1974 1597 2111 1651 Luci
2137 1617 2259 1667 per-

225 1681 346 1714 hissat
371 1692 419 1715 er·
498 1686 731 1738 venisset
755 1685 1022 1748 notitiam,
1050 1685 1257 1737 litteras
1285 1684 1676 1754 deprecatorias
1700 1703 1798 1753 pro
1824 1683 1937 1735 filio
1964 1702 2061 1734 suo
2075 1682 2259 1735 Gode-

498 1770 641 1821 frido
686 1770 751 1823 de
778 1769 916 1822 Luci
949 1769 1116 1839 priori
1157 1778 1211 1820 et
1238 1768 1527 1820 conventui
1553 1768 1774 1832 direxit,
1815 1776 1880 1820 ut
1906 1768 1955 1819 ei
1981 1767 2258 1820 ecclesiam

497 1855 667 1923 ipsam
713 1855 851 1907 sicut
891 1854 1203 1909 Willelmus
1244 1861 1510 1917 tenuerat,
1556 1853 1843 1904 tenendam
1887 1853 2254 1906 concederent.

500 1938 682 1990 Lectis
707 1939 764 1989 in
791 1938 1031 1990 omnium
1067 1937 1342 1990 audientia
1366 1937 1578 2001 litteris,
1622 1938 1971 1990 decreverunt
1996 1937 2134 1988 tanti
2158 1936 2257 1989 viri

498 2023 855 2092 petitionibus
899 2043 1008 2075 non
1042 2024 1242 2086 deesse,
1291 2041 1453 2091 quem
1496 2021 1598 2073 sibi
1648 2021 1705 2073 in
1745 2022 1994 2073 omnibus
2037 2021 2257 2090 agendis

501 2117 776 2160 senserant
813 2116 1087 2176 gratanter
1120 2107 1320 2159 adesse.
1399 2106 1578 2175 Igitur
1603 2106 1844 2158 unanimi
1870 2106 2092 2158 consilio
2117 2125 2258 2176 prae-

501 2194 691 2245 bentes
735 2212 1025 2256 assensum,
1067 2191 1363 2261 postulanti
1412 2191 1670 2259 rescripto
1719 2190 2154 2258 significaverunt
2203 2211 2258 2243 se
2334 2217 2340 2255 ς
2397 2190 2398 2193 '

503 2279 649 2346 quod
662 2279 987 2347 petebantur
1002 2286 1274 2346 praestare,
1287 2275 1631 2328 Willelmum
1649 2275 1865 2344 quidem
1882 2276 2257 2345 presbyterum

500 2363 846 2418 medietatem
876 2370 1085 2412 tantum
1123 2361 1292 2430 ipsius
1319 2359 1556 2412 ecclesiae
1583 2360 1896 2429 possedisse,
1926 2379 2090 2429 seque
2117 2379 2258 2412 eam·
2325 2427 2338 2432 Q

503 2447 624 2498 dem
666 2447 1008 2498 medietatem
1054 2446 1351 2498 Godefrido
1394 2446 1458 2497 de
1503 2445 1640 2497 Luci
1683 2445 1797 2496 filio
1839 2464 1935 2497 suo
1976 2446 2257 2515 petitionis

502 2551 614 2583 suae
650 2533 824 2601 gratia
848 2533 1152 2584 concedere.
1233 2531 1569 2599 Cognoscens
1603 2530 1931 2582 Godefridus
1958 2549 2257 2583 concessam
2330 2519 2331 2522 Ἴ

502 2617 605 2668 sibi
647 2636 755 2668 non
795 2618 1002 2686 integre
1045 2616 1336 2680 ecclesiam,
1378 2616 1471 2667 sed
1496 2624 1708 2667 tantum
1734 2615 1973 2667 ecclesiae
2000 2616 2256 2668 medieta-

501 2709 628 2764 tem,
656 2720 787 2752 mox
812 2701 1055 2770 ingratus
1080 2721 1177 2770 pro
1203 2701 1359 2752 bonis
1385 2701 1596 2752 studuit
1620 2701 1758 2752 mala
1781 2702 2093 2770 rependere,
2128 2701 2258 2753 totis
2321 2697 2338 2725 ”
2380 2707 2382 2710 ’

501 2786 704 2837 viribus
748 2804 926 2854 agens,
975 2804 1082 2853 quo
1108 2785 1453 2837 medietatem
1478 2804 1587 2837 non
1613 2804 1912 2837 concessam
1939 2787 2004 2837 de
2030 2786 2257 2838 fratrum
2329 2802 2332 2808 ’

501 2870 749 2921 manibus
775 2878 1143 2938 extorqueret,
1186 2870 1368 2937 sicque
1396 2878 1563 2921 totam
1588 2870 1748 2921 simul
1774 2871 2047 2922 ecclesiam
2072 2871 2175 2922 sibi
2199 2871 2257 2922 in
2332 2876 2337 2907 ἑ-

234 2964 385 3005 Godfrey
501 2955 890 3024 possessionem
932 2955 1212 3023 redigeret.
1289 2955 1540 3006 Festinus
1566 2955 1750 3022 itaque
1778 2955 2054 3006 dominum
2077 2974 2258 3024 regem
2377 2954 2383 2962 ”

229 3006 365 3037 obtains
380 3006 439 3038 the

229 3048 327 3078 other
355 3048 482 3089 moiety
504 3058 597 3090 seu
633 3058 730 3108 per
769 3058 823 3090 se
864 3058 959 3090 seu
993 3057 1090 3108 per
1125 3058 1249 3091 suos
1287 3038 1420 3090 adiit
1454 3039 1612 3107 eique
1653 3039 1928 3090 ecclesiam
1955 3039 2019 3090 de
2044 3040 2140 3091 Wi
2166 3040 2256 3092 de·

227 3089 397 3171 {iiis-the
502 3123 690 3175 functo
734 3125 1050 3194 presbytero
1090 3142 1294 3186 vacare,
1323 3141 1488 3192 seque
1521 3123 1839 3174 succedendi
1866 3124 2120 3176 defuncto
2145 3124 2256 3194 pri·
2322 3148 2325 3152 ·

503 3209 608 3260 oris
652 3217 707 3260 et
756 3216 1049 3260 conventus
1100 3209 1164 3260 de
1216 3208 1371 3260 Bello
1421 3227 1692 3259 assensum
1731 3208 1929 3259 habere
1971 3209 2253 3278 suggessit,
2305 3192 2330 3282 ’

500 3293 778 3362 postulans
821 3301 885 3345 ut
930 3293 1185 3362 quoniam
1225 3294 1417 3345 abbate
1445 3293 1699 3344 defuncto
1732 3292 1846 3361 ipse
1873 3312 1972 3344 rex
1997 3294 2137 3345 vices
2162 3295 2255 3347 ab·-
2328 3293 2329 3298 ¹

499 3377 638 3428 batis
673 3377 955 3430 videbatur
996 3397 1171 3447 agere,
1219 3378 1494 3430 ecclesiam
1529 3377 1699 3446 ipsam
1735 3377 2043 3430 confirmato
2069 3397 2254 3430 eorum
2314 3391 2317 3394 ⁴

499 3480 717 3512 assensu
742 3461 844 3513 sibi
868 3461 1016 3530 regia
1041 3461 1358 3513 auctoritate
1377 3462 1688 3530 dignaretur
1704 3462 2007 3514 concedere.
2084 3462 2255 3516 Vide·
2310 3471 2311 3474 ’

500 3554 590 3596 tur
629 3546 686 3596 in
734 3546 833 3597 hac
870 3565 965 3597 sua
1005 3546 1347 3614 suggestione
1390 3546 1502 3614 regi
1528 3546 1685 3608 facta,
1734 3547 1879 3614 quod
1916 3547 1980 3598 de
2008 3565 2253 3598 concessa
2308 3598 2314 3612 ,,
2360 3598 2362 3602 .

497 3629 600 3679 sibi
622 3631 731 3681 sola
758 3631 1024 3682 duntaxat
1045 3631 1283 3682 ecclesiae
1308 3632 1593 3682 medietate
1621 3631 1976 3695 meminimus,
2005 3650 2253 3700 suppresf·
2317 3617 2326 3647 ἰ
2356 3684 2358 3686 ,
