<?xml version="1.0" encoding="UTF-8"?>
<!DOCTYPE html PUBLIC "-//W3C//DTD XHTML 1.0 Transitional//EN"
    "http://www.w3.org/TR/xhtml1/DTD/xhtml1-transitional.dtd">
<html xmlns="http://www.w3.org/1999/xhtml" xml:lang="en" lang="en">
 <head>
  <title>
</title>
<meta http-equiv="Content-Type" content="text/html;charset=utf-8" />
  <meta name='ocr-system' content='tesseract 3.04.00' />
  <meta name='ocr-capabilities' content='ocr_page ocr_carea ocr_par ocr_line ocrx_word'/>
</head>
<body>
  <div class='ocr_page' id='page_1' title='image "./chroniconmonaste00battuoft_0210.png"; bbox 0 0 2398 4152; ppageno 0'>
   <div class='ocr_carea' id='block_1_1' title="bbox 468 435 1703 492">
    <p class='ocr_par' dir='ltr' id='par_1_1' title="bbox 468 435 1703 492">
     <span class='ocr_line' id='line_1_1' title="bbox 468 435 1703 492; baseline 0.005 -7"><span class='ocrx_word' id='word_1_1' title='bbox 468 435 574 487; x_wconf 84' lang='lat'><strong>168</strong></span> <span class='ocrx_word' id='word_1_2' title='bbox 963 449 1245 490; x_wconf 77' lang='lat' dir='ltr'><strong>HISTORIA</strong></span> <span class='ocrx_word' id='word_1_3' title='bbox 1289 450 1703 492; x_wconf 76' lang='lat' dir='ltr'><strong>FUNDA&#39;rIoms</strong></span> 
     </span>
    </p>
   </div>
   <div class='ocr_carea' id='block_1_2' title="bbox 187 569 2231 666">
    <p class='ocr_par' dir='ltr' id='par_1_2' title="bbox 187 569 2231 666">
     <span class='ocr_line' id='line_1_2' title="bbox 187 569 2231 666; baseline 0.005 -48"><span class='ocrx_word' id='word_1_4' title='bbox 187 582 267 666; x_wconf 48' lang='grc' dir='ltr'><strong>ἓξὲξ</strong></span> <span class='ocrx_word' id='word_1_5' title='bbox 269 583 390 658; x_wconf 44' lang='lat' dir='ltr'><strong>313,oe</strong></span> <span class='ocrx_word' id='word_1_6' title='bbox 538 569 824 623; x_wconf 83' lang='lat' dir='ltr'><strong>Admissus</strong></span> <span class='ocrx_word' id='word_1_7' title='bbox 869 571 926 623; x_wconf 91' lang='lat' dir='ltr'><strong>in</strong></span> <span class='ocrx_word' id='word_1_8' title='bbox 976 572 1252 625; x_wconf 91' lang='lat' dir='ltr'><strong>ecclesiam</strong></span> <span class='ocrx_word' id='word_1_9' title='bbox 1304 575 1566 644; x_wconf 74' lang='lat' dir='ltr'><strong>praefatus</strong></span> <span class='ocrx_word' id='word_1_10' title='bbox 1620 575 1655 627; x_wconf 88' lang='lat' dir='ltr'><strong>J</strong></span> <span class='ocrx_word' id='word_1_11' title='bbox 1658 575 1892 628; x_wconf 92' lang='lat' dir='ltr'><strong>ohannes</strong></span> <span class='ocrx_word' id='word_1_12' title='bbox 1942 576 2055 629; x_wconf 91' lang='lat' dir='ltr'><strong>solo</strong></span> <span class='ocrx_word' id='word_1_13' title='bbox 2097 578 2231 647; x_wconf 79' lang='lat' dir='ltr'><strong>jure-</strong></span> 
     </span>
    </p>
   </div>
   <div class='ocr_carea' id='block_1_3' title="bbox 175 658 2362 3613">
    <p class='ocr_par' dir='ltr' id='par_1_3' title="bbox 184 658 2226 986">
     <span class='ocr_line' id='line_1_3' title="bbox 184 658 2225 743; baseline 0.003 -34"><span class='ocrx_word' id='word_1_14' title='bbox 184 666 445 743; x_wconf 43' lang='lat' dir='ltr'><strong>faffigffilssffit·</strong></span> <span class='ocrx_word' id='word_1_15' title='bbox 465 658 842 723; x_wconf 83' lang='lat' dir='ltr'><strong>advocationiS,</strong></span> <span class='ocrx_word' id='word_1_16' title='bbox 887 660 1110 730; x_wconf 82' lang='lat' dir='ltr'><strong>jamque</strong></span> <span class='ocrx_word' id='word_1_17' title='bbox 1158 661 1387 715; x_wconf 85' lang='lat' dir='ltr'><strong>nimium</strong></span> <span class='ocrx_word' id='word_1_18' title='bbox 1460 681 1696 728; x_wconf 84' lang='lat' dir='ltr'><strong>securuS‚</strong></span> <span class='ocrx_word' id='word_1_19' title='bbox 1748 664 1920 734; x_wconf 86' lang='lat' dir='ltr'><strong>coepit</strong></span> <span class='ocrx_word' id='word_1_20' title='bbox 1967 664 2032 716; x_wconf 93' lang='lat' dir='ltr'><strong>de</strong></span> <span class='ocrx_word' id='word_1_21' title='bbox 2070 663 2225 716; x_wconf 89' lang='lat' dir='ltr'><strong>insti-</strong></span> 
     </span>
     <span class='ocr_line' id='line_1_4' title="bbox 184 743 2226 832; baseline 0.003 -38"><span class='ocrx_word' id='word_1_22' title='bbox 184 750 370 832; x_wconf 46' lang='lat'><strong>352133313‘12</strong></span> <span class='ocrx_word' id='word_1_23' title='bbox 465 743 677 795; x_wconf 89' lang='lat' dir='ltr'><strong>tutione</strong></span> <span class='ocrx_word' id='word_1_24' title='bbox 723 744 828 796; x_wconf 90' lang='lat' dir='ltr'><strong>sibi</strong></span> <span class='ocrx_word' id='word_1_25' title='bbox 880 763 979 814; x_wconf 90' lang='lat' dir='ltr'><strong>per</strong></span> <span class='ocrx_word' id='word_1_26' title='bbox 1028 745 1341 815; x_wconf 89' lang='lat' dir='ltr'><strong>episcopum</strong></span> <span class='ocrx_word' id='word_1_27' title='bbox 1397 747 1640 800; x_wconf 90' lang='lat' dir='ltr'><strong>facienda</strong></span> <span class='ocrx_word' id='word_1_28' title='bbox 1686 749 1866 800; x_wconf 91' lang='lat' dir='ltr'><strong>minus</strong></span> <span class='ocrx_word' id='word_1_29' title='bbox 1915 766 2032 800; x_wconf 87' lang='lat' dir='ltr'><strong>esse</strong></span> <span class='ocrx_word' id='word_1_30' title='bbox 2080 748 2226 801; x_wconf 89' lang='lat' dir='ltr'><strong>solli-</strong></span> 
     </span>
     <span class='ocr_line' id='line_1_5' title="bbox 463 827 2224 898; baseline 0.003 -18"><span class='ocrx_word' id='word_1_31' title='bbox 463 827 620 892; x_wconf 84' lang='lat' dir='ltr'><strong>citus,</strong></span> <span class='ocrx_word' id='word_1_32' title='bbox 688 827 1110 898; x_wconf 86' lang='lat' dir='ltr'><strong>trahebaturque</strong></span> <span class='ocrx_word' id='word_1_33' title='bbox 1173 830 1353 884; x_wconf 90' lang='lat' dir='ltr'><strong>animo</strong></span> <span class='ocrx_word' id='word_1_34' title='bbox 1405 832 1474 883; x_wconf 90' lang='lat' dir='ltr'><strong>ad</strong></span> <span class='ocrx_word' id='word_1_35' title='bbox 1529 832 1780 885; x_wconf 80' lang='lat' dir='ltr'>vicariam</span> <span class='ocrx_word' id='word_1_36' title='bbox 1864 832 2100 885; x_wconf 83' lang='lat' dir='ltr'><strong>ecclesiae</strong></span> <span class='ocrx_word' id='word_1_37' title='bbox 2157 833 2224 885; x_wconf 93' lang='lat' dir='ltr'><strong>de</strong></span> 
     </span>
     <span class='ocr_line' id='line_1_6' title="bbox 463 911 2224 986; baseline 0.003 -23"><span class='ocrx_word' id='word_1_38' title='bbox 463 911 840 965; x_wconf 90' lang='lat' dir='ltr'><strong>Heriatesham</strong></span> <span class='ocrx_word' id='word_1_39' title='bbox 888 913 946 964; x_wconf 91' lang='lat' dir='ltr'><strong>in</strong></span> <span class='ocrx_word' id='word_1_40' title='bbox 990 932 1121 984; x_wconf 70' lang='lat' dir='ltr'><strong>qua⁴</strong></span> <span class='ocrx_word' id='word_1_41' title='bbox 1161 934 1234 967; x_wconf 91' lang='lat' dir='ltr'><strong>ex</strong></span> <span class='ocrx_word' id='word_1_42' title='bbox 1287 917 1465 969; x_wconf 89' lang='lat' dir='ltr'><strong>multo</strong></span> <span class='ocrx_word' id='word_1_43' title='bbox 1516 924 1758 986; x_wconf 88' lang='lat' dir='ltr'><strong>tempore</strong></span> <span class='ocrx_word' id='word_1_44' title='bbox 1812 917 2224 982; x_wconf 80' lang='lat' dir='ltr'><strong>ministraverat,</strong></span> 
     </span>
    </p>

    <p class='ocr_par' dir='ltr' id='par_1_4' title="bbox 462 998 2223 1068">
     <span class='ocr_line' id='line_1_7' title="bbox 462 998 2223 1068; baseline 0.003 -19"><span class='ocrx_word' id='word_1_45' title='bbox 462 998 643 1050; x_wconf 90' lang='lat' dir='ltr'><strong>dicens</strong></span> <span class='ocrx_word' id='word_1_46' title='bbox 693 1017 748 1050; x_wconf 91' lang='lat' dir='ltr'><strong>se</strong></span> <span class='ocrx_word' id='word_1_47' title='bbox 798 1015 1044 1068; x_wconf 85' lang='lat' dir='ltr'><strong>personae</strong></span> <span class='ocrx_word' id='word_1_48' title='bbox 1100 999 1248 1053; x_wconf 90' lang='lat' dir='ltr'><strong>illius</strong></span> <span class='ocrx_word' id='word_1_49' title='bbox 1310 1001 1550 1054; x_wconf 87' lang='lat' dir='ltr'><strong>ecclesiae</strong></span> <span class='ocrx_word' id='word_1_50' title='bbox 1608 1002 1738 1054; x_wconf 79' lang='lat' dir='ltr'><strong>fidei</strong></span> <span class='ocrx_word' id='word_1_51' title='bbox 1803 1011 1861 1054; x_wconf 93' lang='lat' dir='ltr'><strong>et</strong></span> <span class='ocrx_word' id='word_1_52' title='bbox 1907 1002 2223 1055; x_wconf 84' lang='lat' dir='ltr'><strong>sacramenti</strong></span> 
     </span>
    </p>

    <p class='ocr_par' dir='ltr' id='par_1_5' title="bbox 385 1082 2227 1154">
     <span class='ocr_line' id='line_1_8' title="bbox 385 1082 2227 1154; baseline 0.003 -21"><span class='ocrx_word' id='word_1_53' title='bbox 385 1086 388 1089; x_wconf 77' lang='grc'><strong><em>’</em></strong></span> <span class='ocrx_word' id='word_1_54' title='bbox 461 1082 876 1153; x_wconf 81' lang='lat' dir='ltr'><strong>interpositione</strong></span> <span class='ocrx_word' id='word_1_55' title='bbox 939 1084 1254 1154; x_wconf 87' lang='lat' dir='ltr'><strong>obligatum,</strong></span> <span class='ocrx_word' id='word_1_56' title='bbox 1306 1086 1593 1140; x_wconf 89' lang='lat' dir='ltr'><strong>ministerii</strong></span> <span class='ocrx_word' id='word_1_57' title='bbox 1654 1087 1740 1139; x_wconf 89' lang='lat' dir='ltr'><strong>sui</strong></span> <span class='ocrx_word' id='word_1_58' title='bbox 1799 1087 2029 1140; x_wconf 84' lang='lat' dir='ltr'><strong>termino</strong></span> <span class='ocrx_word' id='word_1_59' title='bbox 2091 1105 2227 1140; x_wconf 91' lang='lat' dir='ltr'><strong>non-</strong></span> 
     </span>
    </p>

    <p class='ocr_par' dir='ltr' id='par_1_6' title="bbox 461 1159 2362 1241">
     <span class='ocr_line' id='line_1_9' title="bbox 461 1165 2362 1241; baseline 0.001 -21"><span class='ocrx_word' id='word_1_60' title='bbox 461 1169 591 1220; x_wconf 92' lang='lat' dir='ltr'><strong>dum</strong></span> <span class='ocrx_word' id='word_1_61' title='bbox 636 1169 931 1238; x_wconf 77' lang='lat' dir='ltr'><strong>praeterito,</strong></span> <span class='ocrx_word' id='word_1_62' title='bbox 1011 1169 1258 1239; x_wconf 86' lang='lat' dir='ltr'>Cumque</span> <span class='ocrx_word' id='word_1_63' title='bbox 1298 1171 1415 1223; x_wconf 88' lang='lat' dir='ltr'><strong>haec</strong></span> <span class='ocrx_word' id='word_1_64' title='bbox 1453 1171 1512 1223; x_wconf 91' lang='lat' dir='ltr'><strong>in</strong></span> <span class='ocrx_word' id='word_1_65' title='bbox 1547 1170 1797 1241; x_wconf 86' lang='lat' dir='ltr'><strong>Augusto</strong></span> <span class='ocrx_word' id='word_1_66' title='bbox 1845 1190 2027 1224; x_wconf 88' lang='lat' dir='ltr'><strong>mense</strong></span> <span class='ocrx_word' id='word_1_67' title='bbox 2071 1189 2225 1240; x_wconf 87' lang='lat' dir='ltr'><strong>gere·</strong></span> <span class='ocrx_word' id='word_1_68' title='bbox 2263 1208 2266 1210; x_wconf 93' lang='lat'>-</span> <span class='ocrx_word' id='word_1_69' title='bbox 2295 1165 2297 1168; x_wconf 58' lang='grc'>’</span> <span class='ocrx_word' id='word_1_70' title='bbox 2345 1167 2362 1192; x_wconf 51' lang='lat'><strong>‘⁴&#39;</strong></span> 
     </span>
    </p>

    <p class='ocr_par' dir='ltr' id='par_1_7' title="bbox 459 1254 2224 1326">
     <span class='ocr_line' id='line_1_10' title="bbox 459 1254 2224 1326; baseline 0.002 -22"><span class='ocrx_word' id='word_1_71' title='bbox 459 1261 665 1318; x_wconf 90' lang='lat' dir='ltr'><strong>rentur,</strong></span> <span class='ocrx_word' id='word_1_72' title='bbox 716 1254 961 1306; x_wconf 83' lang='lat' dir='ltr'><strong>inducias</strong></span> <span class='ocrx_word' id='word_1_73' title='bbox 1009 1254 1246 1324; x_wconf 89' lang='lat' dir='ltr'><strong>seipsum</strong></span> <span class='ocrx_word' id='word_1_74' title='bbox 1305 1256 1631 1326; x_wconf 87' lang='lat' dir='ltr'><strong>expediendi</strong></span> <span class='ocrx_word' id='word_1_75' title='bbox 1692 1274 1865 1326; x_wconf 86' lang='lat' dir='ltr'><strong>usque</strong></span> <span class='ocrx_word' id='word_1_76' title='bbox 1918 1257 1986 1309; x_wconf 90' lang='lat' dir='ltr'><strong>ad</strong></span> <span class='ocrx_word' id='word_1_77' title='bbox 2022 1255 2224 1308; x_wconf 86' lang='lat' dir='ltr'><strong>festum</strong></span> 
     </span>
    </p>

    <p class='ocr_par' dir='ltr' id='par_1_8' title="bbox 461 1338 2222 1411">
     <span class='ocr_line' id='line_1_11' title="bbox 461 1338 2222 1411; baseline 0.002 -22"><span class='ocrx_word' id='word_1_78' title='bbox 461 1338 631 1390; x_wconf 87' lang='lat' dir='ltr'><strong>sancti</strong></span> <span class='ocrx_word' id='word_1_79' title='bbox 657 1338 942 1391; x_wconf 85' lang='lat' dir='ltr'><strong>Michaelis</strong></span> <span class='ocrx_word' id='word_1_80' title='bbox 967 1339 1130 1409; x_wconf 88' lang='lat' dir='ltr'><strong>petiit</strong></span> <span class='ocrx_word' id='word_1_81' title='bbox 1172 1348 1230 1391; x_wconf 92' lang='lat' dir='ltr'><strong>et</strong></span> <span class='ocrx_word' id='word_1_82' title='bbox 1266 1340 1596 1411; x_wconf 86' lang='lat' dir='ltr'><strong>impetravit,</strong></span> <span class='ocrx_word' id='word_1_83' title='bbox 1630 1341 1971 1393; x_wconf 81' lang='lat' dir='ltr'><strong>ministrante</strong></span> <span class='ocrx_word' id='word_1_84' title='bbox 2003 1340 2222 1392; x_wconf 87' lang='lat' dir='ltr'><strong>interim</strong></span> 
     </span>
    </p>

    <p class='ocr_par' dir='ltr' id='par_1_9' title="bbox 459 1423 2224 1661">
     <span class='ocr_line' id='line_1_12' title="bbox 459 1423 2222 1495; baseline 0.002 -21"><span class='ocrx_word' id='word_1_85' title='bbox 459 1423 516 1474; x_wconf 90' lang='lat' dir='ltr'><strong>in</strong></span> <span class='ocrx_word' id='word_1_86' title='bbox 543 1442 790 1475; x_wconf 88' lang='lat' dir='ltr'><strong>concessa</strong></span> <span class='ocrx_word' id='word_1_87' title='bbox 828 1423 931 1476; x_wconf 90' lang='lat' dir='ltr'><strong>sibi</strong></span> <span class='ocrx_word' id='word_1_88' title='bbox 973 1424 1195 1476; x_wconf 90' lang='lat' dir='ltr'><strong>ecclesia</strong></span> <span class='ocrx_word' id='word_1_89' title='bbox 1234 1425 1509 1493; x_wconf 88' lang='lat' dir='ltr'><strong>capellano</strong></span> <span class='ocrx_word' id='word_1_90' title='bbox 1537 1426 1772 1495; x_wconf 87' lang='lat' dir='ltr'><strong>quodam</strong></span> <span class='ocrx_word' id='word_1_91' title='bbox 1810 1425 1950 1477; x_wconf 89' lang='lat' dir='ltr'><strong>circa</strong></span> <span class='ocrx_word' id='word_1_92' title='bbox 1980 1425 2222 1495; x_wconf 89' lang='lat' dir='ltr'><strong>regimen</strong></span> 
     </span>
     <span class='ocr_line' id='line_1_13' title="bbox 459 1507 2224 1577; baseline 0.002 -19"><span class='ocrx_word' id='word_1_93' title='bbox 459 1507 758 1559; x_wconf 90' lang='lat' dir='ltr'><strong>animarum</strong></span> <span class='ocrx_word' id='word_1_94' title='bbox 796 1507 975 1560; x_wconf 90' lang='lat' dir='ltr'><strong>minus</strong></span> <span class='ocrx_word' id='word_1_95' title='bbox 1010 1508 1223 1571; x_wconf 83' lang='lat' dir='ltr'><strong>idoneO,</strong></span> <span class='ocrx_word' id='word_1_96' title='bbox 1253 1509 1399 1576; x_wconf 89' lang='lat' dir='ltr'><strong>quod</strong></span> <span class='ocrx_word' id='word_1_97' title='bbox 1425 1510 1645 1577; x_wconf 88' lang='lat' dir='ltr'><strong>quidem</strong></span> <span class='ocrx_word' id='word_1_98' title='bbox 1681 1510 1844 1562; x_wconf 90' lang='lat' dir='ltr'><strong>abbas</strong></span> <span class='ocrx_word' id='word_1_99' title='bbox 1875 1509 2100 1562; x_wconf 87' lang='lat' dir='ltr'><strong>moleste</strong></span> <span class='ocrx_word' id='word_1_100' title='bbox 2138 1528 2224 1562; x_wconf 89' lang='lat' dir='ltr'><strong>ac-</strong></span> 
     </span>
     <span class='ocr_line' id='line_1_14' title="bbox 459 1590 2220 1661; baseline 0.002 -19"><span class='ocrx_word' id='word_1_101' title='bbox 459 1591 708 1661; x_wconf 88' lang='lat' dir='ltr'><strong>cipiebat.</strong></span> <span class='ocrx_word' id='word_1_102' title='bbox 785 1590 1058 1645; x_wconf 89' lang='lat' dir='ltr'><strong>Veniente</strong></span> <span class='ocrx_word' id='word_1_103' title='bbox 1102 1600 1268 1661; x_wconf 85' lang='lat' dir='ltr'><strong>atque</strong></span> <span class='ocrx_word' id='word_1_104' title='bbox 1305 1593 1552 1646; x_wconf 87' lang='lat' dir='ltr'><strong>elabente</strong></span> <span class='ocrx_word' id='word_1_105' title='bbox 1593 1593 1931 1646; x_wconf 89' lang='lat' dir='ltr'><strong>induciarum</strong></span> <span class='ocrx_word' id='word_1_106' title='bbox 1969 1593 2220 1659; x_wconf 81' lang='lat' dir='ltr'><strong>termine,</strong></span> 
     </span>
    </p>

    <p class='ocr_par' dir='ltr' id='par_1_10' title="bbox 457 1675 2220 1746">
     <span class='ocr_line' id='line_1_15' title="bbox 457 1675 2220 1746; baseline 0.001 -17"><span class='ocrx_word' id='word_1_107' title='bbox 457 1677 655 1729; x_wconf 57' lang='lat' dir='ltr'><strong>venire*</strong></span> <span class='ocrx_word' id='word_1_108' title='bbox 690 1675 904 1729; x_wconf 86' lang='lat' dir='ltr'><strong>distulit</strong></span> <span class='ocrx_word' id='word_1_109' title='bbox 954 1676 1051 1746; x_wconf 88' lang='lat' dir='ltr'><strong>qui</strong></span> <span class='ocrx_word' id='word_1_110' title='bbox 1101 1678 1510 1746; x_wconf 82' lang='lat' dir='ltr'><strong>expectabatur,</strong></span> <span class='ocrx_word' id='word_1_111' title='bbox 1563 1679 1819 1732; x_wconf 88' lang='lat' dir='ltr'><strong>mandans</strong></span> <span class='ocrx_word' id='word_1_112' title='bbox 1867 1697 1923 1731; x_wconf 89' lang='lat' dir='ltr'><strong>se</strong></span> <span class='ocrx_word' id='word_1_113' title='bbox 1978 1679 2220 1731; x_wconf 89' lang='lat' dir='ltr'><strong>nondum</strong></span> 
     </span>
    </p>

    <p class='ocr_par' dir='ltr' id='par_1_11' title="bbox 455 1762 2220 1833">
     <span class='ocr_line' id='line_1_16' title="bbox 455 1762 2220 1833; baseline 0.002 -20"><span class='ocrx_word' id='word_1_114' title='bbox 455 1762 616 1831; x_wconf 87' lang='lat' dir='ltr'><strong>plene</strong></span> <span class='ocrx_word' id='word_1_115' title='bbox 659 1762 994 1832; x_wconf 86' lang='lat' dir='ltr'><strong>expeditum,</strong></span> <span class='ocrx_word' id='word_1_116' title='bbox 1046 1770 1350 1832; x_wconf 86' lang='lat' dir='ltr'><strong>petensque</strong></span> <span class='ocrx_word' id='word_1_117' title='bbox 1394 1763 1591 1816; x_wconf 87' lang='lat' dir='ltr'><strong>iterato</strong></span> <span class='ocrx_word' id='word_1_118' title='bbox 1635 1764 1877 1816; x_wconf 86' lang='lat' dir='ltr'><strong>inducias</strong></span> <span class='ocrx_word' id='word_1_119' title='bbox 1930 1782 2102 1833; x_wconf 89' lang='lat' dir='ltr'><strong>usque</strong></span> <span class='ocrx_word' id='word_1_120' title='bbox 2151 1763 2220 1816; x_wconf 89' lang='lat' dir='ltr'><strong>ad</strong></span> 
     </span>
    </p>

    <p class='ocr_par' dir='ltr' id='par_1_12' title="bbox 455 1846 2216 1919">
     <span class='ocr_line' id='line_1_17' title="bbox 455 1846 2216 1919; baseline 0.002 -21"><span class='ocrx_word' id='word_1_121' title='bbox 455 1847 633 1898; x_wconf 88' lang='lat' dir='ltr'><strong>natale</strong></span> <span class='ocrx_word' id='word_1_122' title='bbox 684 1846 910 1899; x_wconf 90' lang='lat' dir='ltr'><strong>Domini</strong></span> <span class='ocrx_word' id='word_1_123' title='bbox 948 1847 1300 1916; x_wconf 89' lang='lat' dir='ltr'><strong>subsequens,</strong></span> <span class='ocrx_word' id='word_1_124' title='bbox 1353 1856 1409 1900; x_wconf 89' lang='lat' dir='ltr'><strong>et</strong></span> <span class='ocrx_word' id='word_1_125' title='bbox 1458 1868 1620 1918; x_wconf 90' lang='lat' dir='ltr'><strong>super</strong></span> <span class='ocrx_word' id='word_1_126' title='bbox 1667 1848 1855 1919; x_wconf 89' lang='lat' dir='ltr'><strong>petitis</strong></span> <span class='ocrx_word' id='word_1_127' title='bbox 1904 1848 2216 1918; x_wconf 76' lang='lat' dir='ltr'><strong>impetrans,</strong></span> 
     </span>
    </p>

    <p class='ocr_par' dir='ltr' id='par_1_13' title="bbox 456 1931 2220 2173">
     <span class='ocr_line' id='line_1_18' title="bbox 459 1931 2220 2003; baseline 0.002 -20"><span class='ocrx_word' id='word_1_128' title='bbox 459 1931 566 1983; x_wconf 87' lang='lat' dir='ltr'><strong>Sed</strong></span> <span class='ocrx_word' id='word_1_129' title='bbox 599 1951 699 1984; x_wconf 92' lang='lat' dir='ltr'><strong>nec</strong></span> <span class='ocrx_word' id='word_1_130' title='bbox 740 1940 870 1984; x_wconf 89' lang='lat' dir='ltr'><strong>tunc</strong></span> <span class='ocrx_word' id='word_1_131' title='bbox 912 1932 1150 1997; x_wconf 81' lang='lat' dir='ltr'><strong>venienS,</strong></span> <span class='ocrx_word' id='word_1_132' title='bbox 1192 1951 1376 1985; x_wconf 88' lang='lat' dir='ltr'><strong>rursus</strong></span> <span class='ocrx_word' id='word_1_133' title='bbox 1419 1933 1666 1986; x_wconf 89' lang='lat' dir='ltr'><strong>inducias</strong></span> <span class='ocrx_word' id='word_1_134' title='bbox 1703 1952 1876 2003; x_wconf 84' lang='lat' dir='ltr'><strong>usque</strong></span> <span class='ocrx_word' id='word_1_135' title='bbox 1916 1935 1984 1986; x_wconf 89' lang='lat' dir='ltr'><strong>ad</strong></span> <span class='ocrx_word' id='word_1_136' title='bbox 2021 1933 2220 2003; x_wconf 88' lang='lat' dir='ltr'><strong>pascha</strong></span> 
     </span>
     <span class='ocr_line' id='line_1_19' title="bbox 456 2017 2218 2089; baseline 0.002 -22"><span class='ocrx_word' id='word_1_137' title='bbox 456 2017 708 2086; x_wconf 89' lang='lat' dir='ltr'><strong>expetiit,</strong></span> <span class='ocrx_word' id='word_1_138' title='bbox 760 2026 816 2069; x_wconf 93' lang='lat' dir='ltr'><strong>et</strong></span> <span class='ocrx_word' id='word_1_139' title='bbox 863 2034 1006 2087; x_wconf 78' lang='lat' dir='ltr'><strong>aegre</strong></span> <span class='ocrx_word' id='word_1_140' title='bbox 1057 2017 1316 2087; x_wconf 83' lang='lat' dir='ltr'><strong>optinuit.</strong></span> <span class='ocrx_word' id='word_1_141' title='bbox 1397 2018 1645 2087; x_wconf 89' lang='lat' dir='ltr'><strong>Cumque</strong></span> <span class='ocrx_word' id='word_1_142' title='bbox 1689 2021 1803 2089; x_wconf 86' lang='lat' dir='ltr'><strong>jam</strong></span> <span class='ocrx_word' id='word_1_143' title='bbox 1851 2018 2048 2089; x_wconf 90' lang='lat' dir='ltr'><strong>pascha</strong></span> <span class='ocrx_word' id='word_1_144' title='bbox 2095 2037 2218 2089; x_wconf 91' lang='lat' dir='ltr'><strong>per-</strong></span> 
     </span>
     <span class='ocr_line' id='line_1_20' title="bbox 456 2102 2219 2173; baseline 0.002 -21"><span class='ocrx_word' id='word_1_145' title='bbox 456 2102 748 2165; x_wconf 80' lang='lat' dir='ltr'><strong>transisset,</strong></span> <span class='ocrx_word' id='word_1_146' title='bbox 778 2110 834 2154; x_wconf 89' lang='lat' dir='ltr'><strong>et</strong></span> <span class='ocrx_word' id='word_1_147' title='bbox 871 2122 969 2154; x_wconf 92' lang='lat' dir='ltr'><strong>nec</strong></span> <span class='ocrx_word' id='word_1_148' title='bbox 1006 2103 1170 2154; x_wconf 92' lang='lat' dir='ltr'><strong>etiam</strong></span> <span class='ocrx_word' id='word_1_149' title='bbox 1202 2110 1331 2154; x_wconf 88' lang='lat' dir='ltr'><strong>tunc</strong></span> <span class='ocrx_word' id='word_1_150' title='bbox 1362 2104 1477 2173; x_wconf 88' lang='lat' dir='ltr'><strong>ipse</strong></span> <span class='ocrx_word' id='word_1_151' title='bbox 1510 2104 1735 2168; x_wconf 86' lang='lat' dir='ltr'><strong>veniret,</strong></span> <span class='ocrx_word' id='word_1_152' title='bbox 1777 2104 1907 2157; x_wconf 89' lang='lat' dir='ltr'><strong>satis</strong></span> <span class='ocrx_word' id='word_1_153' title='bbox 1942 2102 2219 2156; x_wconf 85' lang='lat' dir='ltr'><strong>intellexit</strong></span> 
     </span>
    </p>

    <p class='ocr_par' dir='ltr' id='par_1_14' title="bbox 455 2186 2219 2258">
     <span class='ocr_line' id='line_1_21' title="bbox 455 2186 2219 2258; baseline 0.001 -20"><span class='ocrx_word' id='word_1_154' title='bbox 455 2186 619 2239; x_wconf 91' lang='lat' dir='ltr'><strong>abbas</strong></span> <span class='ocrx_word' id='word_1_155' title='bbox 645 2206 767 2239; x_wconf 91' lang='lat' dir='ltr'><strong>eum</strong></span> <span class='ocrx_word' id='word_1_156' title='bbox 793 2186 1131 2238; x_wconf 81' lang='lat' dir='ltr'><strong>frustratoria</strong></span> <span class='ocrx_word' id='word_1_157' title='bbox 1158 2186 1415 2239; x_wconf 85' lang='lat' dir='ltr'><strong>dilatione</strong></span> <span class='ocrx_word' id='word_1_158' title='bbox 1446 2208 1621 2241; x_wconf 90' lang='lat' dir='ltr'><strong>moras</strong></span> <span class='ocrx_word' id='word_1_159' title='bbox 1655 2197 1885 2253; x_wconf 88' lang='lat' dir='ltr'><strong>nectere,</strong></span> <span class='ocrx_word' id='word_1_160' title='bbox 1914 2207 2022 2258; x_wconf 90' lang='lat' dir='ltr'><strong>quo</strong></span> <span class='ocrx_word' id='word_1_161' title='bbox 2046 2188 2219 2258; x_wconf 90' lang='lat' dir='ltr'><strong>possit</strong></span> 
     </span>
    </p>

    <p class='ocr_par' dir='ltr' id='par_1_15' title="bbox 453 2271 2217 2427">
     <span class='ocr_line' id='line_1_22' title="bbox 453 2271 2217 2342; baseline 0.001 -19"><span class='ocrx_word' id='word_1_162' title='bbox 453 2271 511 2323; x_wconf 88' lang='lat' dir='ltr'><strong>in</strong></span> <span class='ocrx_word' id='word_1_163' title='bbox 548 2272 765 2342; x_wconf 90' lang='lat' dir='ltr'><strong>propria</strong></span> <span class='ocrx_word' id='word_1_164' title='bbox 812 2290 1041 2341; x_wconf 91' lang='lat' dir='ltr'><strong>persona</strong></span> <span class='ocrx_word' id='word_1_165' title='bbox 1076 2272 1132 2323; x_wconf 92' lang='lat' dir='ltr'><strong>in</strong></span> <span class='ocrx_word' id='word_1_166' title='bbox 1181 2273 1441 2341; x_wconf 85' lang='lat' dir='ltr'><strong>praedicta</strong></span> <span class='ocrx_word' id='word_1_167' title='bbox 1487 2273 1683 2325; x_wconf 87' lang='lat' dir='ltr'><strong>vicaria</strong></span> <span class='ocrx_word' id='word_1_168' title='bbox 1728 2274 1792 2326; x_wconf 87' lang='lat' dir='ltr'><strong>de</strong></span> <span class='ocrx_word' id='word_1_169' title='bbox 1840 2272 2217 2326; x_wconf 88' lang='lat' dir='ltr'><strong>Heriatesham</strong></span> 
     </span>
     <span class='ocr_line' id='line_1_23' title="bbox 453 2357 2216 2427; baseline 0.001 -19"><span class='ocrx_word' id='word_1_170' title='bbox 453 2357 773 2420; x_wconf 82' lang='lat' dir='ltr'><strong>ministrare,</strong></span> <span class='ocrx_word' id='word_1_171' title='bbox 818 2365 875 2409; x_wconf 91' lang='lat' dir='ltr'><strong>et</strong></span> <span class='ocrx_word' id='word_1_172' title='bbox 903 2375 1001 2425; x_wconf 92' lang='lat' dir='ltr'><strong>per</strong></span> <span class='ocrx_word' id='word_1_173' title='bbox 1025 2357 1211 2410; x_wconf 88' lang='lat' dir='ltr'><strong>vicarii</strong></span> <span class='ocrx_word' id='word_1_174' title='bbox 1240 2358 1759 2411; x_wconf 88' lang='lat' dir='ltr'><strong>administrationem</strong></span> <span class='ocrx_word' id='word_1_175' title='bbox 1791 2358 2000 2410; x_wconf 89' lang='lat' dir='ltr'><strong>fructus</strong></span> <span class='ocrx_word' id='word_1_176' title='bbox 2032 2376 2216 2427; x_wconf 89' lang='lat' dir='ltr'><strong>parro-</strong></span> 
     </span>
    </p>

    <p class='ocr_par' dir='ltr' id='par_1_16' title="bbox 453 2441 2214 2514">
     <span class='ocr_line' id='line_1_24' title="bbox 453 2441 2214 2514; baseline 0.001 -22"><span class='ocrx_word' id='word_1_177' title='bbox 453 2441 639 2494; x_wconf 89' lang='lat' dir='ltr'><strong>chialis</strong></span> <span class='ocrx_word' id='word_1_178' title='bbox 689 2441 929 2494; x_wconf 89' lang='lat' dir='ltr'><strong>ecclesiae</strong></span> <span class='ocrx_word' id='word_1_179' title='bbox 979 2443 1045 2494; x_wconf 91' lang='lat' dir='ltr'><strong>de</strong></span> <span class='ocrx_word' id='word_1_180' title='bbox 1106 2442 1264 2496; x_wconf 92' lang='lat' dir='ltr'><strong>Bello</strong></span> <span class='ocrx_word' id='word_1_181' title='bbox 1321 2444 1615 2514; x_wconf 90' lang='lat' dir='ltr'><strong>percipere.</strong></span> <span class='ocrx_word' id='word_1_182' title='bbox 1692 2443 1992 2496; x_wconf 85' lang='lat' dir='ltr'><strong>Dicebatur</strong></span> <span class='ocrx_word' id='word_1_183' title='bbox 2051 2443 2214 2495; x_wconf 88' lang='lat' dir='ltr'><strong>etiam</strong></span> 
     </span>
    </p>

    <p class='ocr_par' dir='ltr' id='par_1_17' title="bbox 450 2526 2214 2681">
     <span class='ocr_line' id='line_1_25' title="bbox 452 2526 2214 2598; baseline 0.001 -20"><span class='ocrx_word' id='word_1_184' title='bbox 452 2527 600 2579; x_wconf 88' lang='lat' dir='ltr'><strong>aliud</strong></span> <span class='ocrx_word' id='word_1_185' title='bbox 637 2526 846 2597; x_wconf 90' lang='lat' dir='ltr'><strong>aliquid</strong></span> <span class='ocrx_word' id='word_1_186' title='bbox 885 2545 999 2579; x_wconf 91' lang='lat' dir='ltr'><strong>esse</strong></span> <span class='ocrx_word' id='word_1_187' title='bbox 1037 2527 1095 2579; x_wconf 91' lang='lat' dir='ltr'><strong>in</strong></span> <span class='ocrx_word' id='word_1_188' title='bbox 1135 2547 1310 2592; x_wconf 90' lang='lat' dir='ltr'><strong>causa,</strong></span> <span class='ocrx_word' id='word_1_189' title='bbox 1355 2547 1520 2598; x_wconf 89' lang='lat' dir='ltr'><strong>quare</strong></span> <span class='ocrx_word' id='word_1_190' title='bbox 1561 2529 1769 2581; x_wconf 90' lang='lat' dir='ltr'><strong>abbatis</strong></span> <span class='ocrx_word' id='word_1_191' title='bbox 1812 2527 2214 2597; x_wconf 87' lang='lat' dir='ltr'><strong>subterfugeret</strong></span> 
     </span>
     <span class='ocr_line' id='line_1_26' title="bbox 450 2611 2212 2681; baseline 0.002 -18"><span class='ocrx_word' id='word_1_192' title='bbox 450 2612 808 2681; x_wconf 77' lang='lat' dir='ltr'><strong>praesentiam.</strong></span> <span class='ocrx_word' id='word_1_193' title='bbox 887 2611 1029 2664; x_wconf 90' lang='lat' dir='ltr'><strong>Nam</strong></span> <span class='ocrx_word' id='word_1_194' title='bbox 1071 2631 1193 2664; x_wconf 91' lang='lat' dir='ltr'><strong>cum</strong></span> <span class='ocrx_word' id='word_1_195' title='bbox 1232 2613 1410 2665; x_wconf 91' lang='lat' dir='ltr'><strong>minus</strong></span> <span class='ocrx_word' id='word_1_196' title='bbox 1455 2613 1735 2666; x_wconf 90' lang='lat' dir='ltr'><strong>continens</strong></span> <span class='ocrx_word' id='word_1_197' title='bbox 1776 2632 1889 2666; x_wconf 90' lang='lat' dir='ltr'><strong>esse</strong></span> <span class='ocrx_word' id='word_1_198' title='bbox 1925 2613 2212 2678; x_wconf 85' lang='lat' dir='ltr'><strong>diceretur,</strong></span> 
     </span>
    </p>

    <p class='ocr_par' dir='ltr' id='par_1_18' title="bbox 451 2697 2215 2851">
     <span class='ocr_line' id='line_1_27' title="bbox 451 2697 2214 2768; baseline 0 -19"><span class='ocrx_word' id='word_1_199' title='bbox 451 2697 661 2749; x_wconf 90' lang='lat' dir='ltr'><strong>abbatis</strong></span> <span class='ocrx_word' id='word_1_200' title='bbox 708 2697 994 2749; x_wconf 89' lang='lat' dir='ltr'><strong>verebatur</strong></span> <span class='ocrx_word' id='word_1_201' title='bbox 1035 2697 1391 2762; x_wconf 81' lang='lat' dir='ltr'><strong>honestatem,</strong></span> <span class='ocrx_word' id='word_1_202' title='bbox 1453 2698 1624 2751; x_wconf 91' lang='lat' dir='ltr'><strong>sciens</strong></span> <span class='ocrx_word' id='word_1_203' title='bbox 1675 2699 1822 2768; x_wconf 88' lang='lat' dir='ltr'><strong>quod</strong></span> <span class='ocrx_word' id='word_1_204' title='bbox 1877 2698 1943 2750; x_wconf 90' lang='lat' dir='ltr'><strong>ab</strong></span> <span class='ocrx_word' id='word_1_205' title='bbox 2003 2697 2214 2750; x_wconf 89' lang='lat' dir='ltr'><strong>abbatis</strong></span> 
     </span>
     <span class='ocr_line' id='line_1_28' title="bbox 451 2781 2215 2851; baseline 0.002 -19"><span class='ocrx_word' id='word_1_206' title='bbox 451 2781 686 2833; x_wconf 90' lang='lat' dir='ltr'><strong>amicitia</strong></span> <span class='ocrx_word' id='word_1_207' title='bbox 725 2781 932 2833; x_wconf 91' lang='lat' dir='ltr'><strong>alienus</strong></span> <span class='ocrx_word' id='word_1_208' title='bbox 973 2782 1306 2847; x_wconf 91' lang='lat' dir='ltr'><strong>redderetur,</strong></span> <span class='ocrx_word' id='word_1_209' title='bbox 1350 2783 1395 2835; x_wconf 92' lang='lat' dir='ltr'><strong>si</strong></span> <span class='ocrx_word' id='word_1_210' title='bbox 1439 2783 1720 2835; x_wconf 89' lang='lat' dir='ltr'><strong>inhoneste</strong></span> <span class='ocrx_word' id='word_1_211' title='bbox 1760 2801 1820 2834; x_wconf 92' lang='lat' dir='ltr'><strong>ac</strong></span> <span class='ocrx_word' id='word_1_212' title='bbox 1861 2782 2095 2851; x_wconf 90' lang='lat' dir='ltr'><strong>turpiter</strong></span> <span class='ocrx_word' id='word_1_213' title='bbox 2134 2782 2215 2835; x_wconf 88' lang='lat' dir='ltr'><strong>vi-</strong></span> 
     </span>
    </p>

    <p class='ocr_par' dir='ltr' id='par_1_19' title="bbox 175 2866 2212 3106">
     <span class='ocr_line' id='line_1_29' title="bbox 175 2866 2212 2935; baseline 0.003 -21"><span class='ocrx_word' id='word_1_214' title='bbox 175 2892 220 2914; x_wconf 81' lang='lat' dir='ltr'><strong>on</strong></span> <span class='ocrx_word' id='word_1_215' title='bbox 234 2881 429 2930; x_wconf 57' lang='lat' dir='ltr'><strong>nigrefusal</strong></span> <span class='ocrx_word' id='word_1_216' title='bbox 450 2885 595 2930; x_wconf 91' lang='lat' dir='ltr'><strong>vens,</strong></span> <span class='ocrx_word' id='word_1_217' title='bbox 632 2866 824 2917; x_wconf 90' lang='lat' dir='ltr'><strong>incesti</strong></span> <span class='ocrx_word' id='word_1_218' title='bbox 858 2874 1140 2918; x_wconf 90' lang='lat' dir='ltr'><strong>notaretur</strong></span> <span class='ocrx_word' id='word_1_219' title='bbox 1178 2867 1417 2919; x_wconf 88' lang='lat' dir='ltr'><strong>infamia.</strong></span> <span class='ocrx_word' id='word_1_220' title='bbox 1495 2866 1667 2919; x_wconf 89' lang='lat' dir='ltr'><strong>Dedit</strong></span> <span class='ocrx_word' id='word_1_221' title='bbox 1705 2886 1831 2935; x_wconf 85' lang='lat' dir='ltr'><strong>ergo</strong></span> <span class='ocrx_word' id='word_1_222' title='bbox 1868 2867 1919 2918; x_wconf 93' lang='lat' dir='ltr'><strong>ei</strong></span> <span class='ocrx_word' id='word_1_223' title='bbox 1956 2867 2120 2919; x_wconf 87' lang='lat' dir='ltr'><strong>abbas</strong></span> <span class='ocrx_word' id='word_1_224' title='bbox 2152 2867 2212 2920; x_wconf 89' lang='lat' dir='ltr'><strong>in</strong></span> 
     </span>
     <span class='ocr_line' id='line_1_30' title="bbox 175 2924 2211 3022; baseline 0.001 -21"><span class='ocrx_word' id='word_1_225' title='bbox 175 2924 341 2963; x_wconf 51' lang='lat' dir='ltr'>‘meme&#39;</span> <span class='ocrx_word' id='word_1_226' title='bbox 449 2951 730 3014; x_wconf 89' lang='lat' dir='ltr'><strong>mandatis,</strong></span> <span class='ocrx_word' id='word_1_227' title='bbox 772 2958 837 3002; x_wconf 90' lang='lat' dir='ltr'><strong>ut</strong></span> <span class='ocrx_word' id='word_1_228' title='bbox 875 2950 1016 3002; x_wconf 88' lang='lat' dir='ltr'><strong>infra</strong></span> <span class='ocrx_word' id='word_1_229' title='bbox 1055 2951 1394 3003; x_wconf 88' lang='lat' dir='ltr'><strong>nativitatem</strong></span> <span class='ocrx_word' id='word_1_230' title='bbox 1438 2952 1607 3003; x_wconf 90' lang='lat' dir='ltr'><strong>sancti</strong></span> <span class='ocrx_word' id='word_1_231' title='bbox 1651 2951 1909 3004; x_wconf 86' lang='lat' dir='ltr'><strong>Johannis</strong></span> <span class='ocrx_word' id='word_1_232' title='bbox 1945 2952 2211 3022; x_wconf 81' lang='lat' dir='ltr'><strong>Baptistae</strong></span> 
     </span>
     <span class='ocr_line' id='line_1_31' title="bbox 448 3035 2208 3106; baseline 0.001 -19"><span class='ocrx_word' id='word_1_233' title='bbox 448 3055 561 3087; x_wconf 91' lang='lat' dir='ltr'><strong>sese</strong></span> <span class='ocrx_word' id='word_1_234' title='bbox 603 3035 897 3104; x_wconf 83' lang='lat' dir='ltr'><strong>expediens</strong></span> <span class='ocrx_word' id='word_1_235' title='bbox 941 3035 1085 3087; x_wconf 91' lang='lat' dir='ltr'><strong>omni</strong></span> <span class='ocrx_word' id='word_1_236' title='bbox 1130 3037 1477 3088; x_wconf 89' lang='lat' dir='ltr'><strong>excusatione</strong></span> <span class='ocrx_word' id='word_1_237' title='bbox 1518 3036 1821 3106; x_wconf 89' lang='lat' dir='ltr'><strong>postposita</strong></span> <span class='ocrx_word' id='word_1_238' title='bbox 1858 3036 2083 3100; x_wconf 87' lang='lat' dir='ltr'><strong>veniret,</strong></span> <span class='ocrx_word' id='word_1_239' title='bbox 2126 3037 2208 3089; x_wconf 89' lang='lat' dir='ltr'><strong>sin</strong></span> 
     </span>
    </p>

    <p class='ocr_par' dir='ltr' id='par_1_20' title="bbox 446 3120 2210 3191">
     <span class='ocr_line' id='line_1_32' title="bbox 446 3120 2210 3191; baseline 0.001 -18"><span class='ocrx_word' id='word_1_240' title='bbox 446 3130 644 3185; x_wconf 88' lang='lat' dir='ltr'><strong>autem,</strong></span> <span class='ocrx_word' id='word_1_241' title='bbox 673 3121 841 3172; x_wconf 89' lang='lat' dir='ltr'><strong>alium</strong></span> <span class='ocrx_word' id='word_1_242' title='bbox 874 3120 933 3171; x_wconf 93' lang='lat' dir='ltr'><strong>in</strong></span> <span class='ocrx_word' id='word_1_243' title='bbox 971 3128 1317 3172; x_wconf 90' lang='lat' dir='ltr'><strong>memoratam</strong></span> <span class='ocrx_word' id='word_1_244' title='bbox 1356 3120 1634 3173; x_wconf 91' lang='lat' dir='ltr'><strong>ecclesiam</strong></span> <span class='ocrx_word' id='word_1_245' title='bbox 1662 3120 2054 3173; x_wconf 89' lang='lat' dir='ltr'><strong>instituendum</strong></span> <span class='ocrx_word' id='word_1_246' title='bbox 2091 3121 2210 3191; x_wconf 90' lang='lat' dir='ltr'><strong>ipso</strong></span> 
     </span>
    </p>

    <p class='ocr_par' dir='ltr' id='par_1_21' title="bbox 445 3205 2210 3276">
     <span class='ocr_line' id='line_1_33' title="bbox 445 3205 2210 3276; baseline 0 -18"><span class='ocrx_word' id='word_1_247' title='bbox 445 3205 665 3276; x_wconf 90' lang='lat' dir='ltr'><strong>penitus</strong></span> <span class='ocrx_word' id='word_1_248' title='bbox 697 3206 918 3257; x_wconf 91' lang='lat' dir='ltr'><strong>excluso</strong></span> <span class='ocrx_word' id='word_1_249' title='bbox 942 3206 1262 3275; x_wconf 86' lang='lat' dir='ltr'><strong>provideret.</strong></span> <span class='ocrx_word' id='word_1_250' title='bbox 1342 3205 1481 3257; x_wconf 89' lang='lat' dir='ltr'><strong>Cum</strong></span> <span class='ocrx_word' id='word_1_251' title='bbox 1511 3214 1692 3257; x_wconf 90' lang='lat' dir='ltr'><strong>autem</strong></span> <span class='ocrx_word' id='word_1_252' title='bbox 1721 3224 1819 3257; x_wconf 92' lang='lat' dir='ltr'><strong>nec</strong></span> <span class='ocrx_word' id='word_1_253' title='bbox 1854 3214 1983 3257; x_wconf 94' lang='lat' dir='ltr'><strong>tunc</strong></span> <span class='ocrx_word' id='word_1_254' title='bbox 2018 3206 2210 3276; x_wconf 88' lang='lat' dir='ltr'><strong>adqui-</strong></span> 
     </span>
    </p>

    <p class='ocr_par' dir='ltr' id='par_1_22' title="bbox 447 3290 2209 3360">
     <span class='ocr_line' id='line_1_34' title="bbox 447 3290 2209 3360; baseline 0.001 -18"><span class='ocrx_word' id='word_1_255' title='bbox 447 3299 665 3355; x_wconf 89' lang='lat' dir='ltr'><strong>esceret,</strong></span> <span class='ocrx_word' id='word_1_256' title='bbox 709 3290 873 3342; x_wconf 90' lang='lat' dir='ltr'><strong>immo</strong></span> <span class='ocrx_word' id='word_1_257' title='bbox 910 3291 1079 3358; x_wconf 82' lang='lat' dir='ltr'><strong>magis</strong></span> <span class='ocrx_word' id='word_1_258' title='bbox 1115 3291 1302 3342; x_wconf 90' lang='lat' dir='ltr'><strong>habita</strong></span> <span class='ocrx_word' id='word_1_259' title='bbox 1345 3309 1527 3342; x_wconf 89' lang='lat' dir='ltr'><strong>secum</strong></span> <span class='ocrx_word' id='word_1_260' title='bbox 1568 3290 1954 3342; x_wconf 88' lang='lat' dir='ltr'><strong>deliberatione</strong></span> <span class='ocrx_word' id='word_1_261' title='bbox 1988 3309 2209 3360; x_wconf 91' lang='lat' dir='ltr'><strong>respon-</strong></span> 
     </span>
    </p>

    <p class='ocr_par' dir='ltr' id='par_1_23' title="bbox 447 3374 2207 3445">
     <span class='ocr_line' id='line_1_35' title="bbox 447 3374 2207 3445; baseline 0 -18"><span class='ocrx_word' id='word_1_262' title='bbox 447 3377 614 3440; x_wconf 90' lang='lat' dir='ltr'><strong>deret,</strong></span> <span class='ocrx_word' id='word_1_263' title='bbox 657 3394 712 3426; x_wconf 92' lang='lat' dir='ltr'><strong>se</strong></span> <span class='ocrx_word' id='word_1_264' title='bbox 745 3375 903 3426; x_wconf 91' lang='lat' dir='ltr'><strong>malle</strong></span> <span class='ocrx_word' id='word_1_265' title='bbox 940 3374 1177 3426; x_wconf 90' lang='lat' dir='ltr'><strong>alienum</strong></span> <span class='ocrx_word' id='word_1_266' title='bbox 1205 3375 1324 3426; x_wconf 90' lang='lat' dir='ltr'><strong>fieri</strong></span> <span class='ocrx_word' id='word_1_267' title='bbox 1361 3395 1391 3427; x_wconf 94' lang='lat' dir='ltr'><strong>a</strong></span> <span class='ocrx_word' id='word_1_268' title='bbox 1427 3382 1720 3445; x_wconf 91' lang='lat' dir='ltr'><strong>personatu</strong></span> <span class='ocrx_word' id='word_1_269' title='bbox 1751 3374 2095 3443; x_wconf 92' lang='lat' dir='ltr'><strong>parrochialis</strong></span> <span class='ocrx_word' id='word_1_270' title='bbox 2122 3394 2207 3427; x_wconf 92' lang='lat' dir='ltr'><strong>ec-</strong></span> 
     </span>
    </p>

    <p class='ocr_par' dir='ltr' id='par_1_24' title="bbox 446 3459 2204 3529">
     <span class='ocr_line' id='line_1_36' title="bbox 446 3459 2204 3529; baseline 0.001 -18"><span class='ocrx_word' id='word_1_271' title='bbox 446 3460 622 3511; x_wconf 88' lang='lat' dir='ltr'><strong>clesiae</strong></span> <span class='ocrx_word' id='word_1_272' title='bbox 652 3460 716 3511; x_wconf 91' lang='lat' dir='ltr'><strong>de</strong></span> <span class='ocrx_word' id='word_1_273' title='bbox 745 3459 918 3524; x_wconf 82' lang='lat' dir='ltr'><strong>Bello,</strong></span> <span class='ocrx_word' id='word_1_274' title='bbox 946 3478 1110 3529; x_wconf 88' lang='lat' dir='ltr'><strong>quam</strong></span> <span class='ocrx_word' id='word_1_275' title='bbox 1148 3479 1178 3511; x_wconf 92' lang='lat' dir='ltr'><strong>a</strong></span> <span class='ocrx_word' id='word_1_276' title='bbox 1204 3460 1399 3512; x_wconf 90' lang='lat' dir='ltr'><strong>vicaria</strong></span> <span class='ocrx_word' id='word_1_277' title='bbox 1428 3460 1667 3511; x_wconf 88' lang='lat' dir='ltr'><strong>ecclesiae</strong></span> <span class='ocrx_word' id='word_1_278' title='bbox 1703 3459 1768 3511; x_wconf 88' lang='lat' dir='ltr'><strong>de</strong></span> <span class='ocrx_word' id='word_1_279' title='bbox 1810 3459 2204 3524; x_wconf 89' lang='lat' dir='ltr'><strong>Heriatesham,</strong></span> 
     </span>
    </p>

    <p class='ocr_par' dir='ltr' id='par_1_25' title="bbox 445 3542 2203 3613">
     <span class='ocr_line' id='line_1_37' title="bbox 445 3542 2203 3613; baseline 0.001 -18"><span class='ocrx_word' id='word_1_280' title='bbox 445 3545 614 3613; x_wconf 88' lang='lat' dir='ltr'><strong>coepit</strong></span> <span class='ocrx_word' id='word_1_281' title='bbox 647 3546 759 3613; x_wconf 89' lang='lat' dir='ltr'><strong>jam</strong></span> <span class='ocrx_word' id='word_1_282' title='bbox 795 3552 925 3595; x_wconf 91' lang='lat' dir='ltr'><strong>tunc</strong></span> <span class='ocrx_word' id='word_1_283' title='bbox 951 3545 1114 3596; x_wconf 92' lang='lat' dir='ltr'><strong>abbas</strong></span> <span class='ocrx_word' id='word_1_284' title='bbox 1155 3545 1219 3596; x_wconf 91' lang='lat' dir='ltr'><strong>de</strong></span> <span class='ocrx_word' id='word_1_285' title='bbox 1259 3544 1364 3596; x_wconf 92' lang='lat' dir='ltr'><strong>alio</strong></span> <span class='ocrx_word' id='word_1_286' title='bbox 1395 3542 1729 3596; x_wconf 91' lang='lat' dir='ltr'><strong>instituendo</strong></span> <span class='ocrx_word' id='word_1_287' title='bbox 1765 3562 1877 3595; x_wconf 92' lang='lat' dir='ltr'><strong>esse</strong></span> <span class='ocrx_word' id='word_1_288' title='bbox 1920 3544 2203 3609; x_wconf 79' lang='lat' dir='ltr'><strong>sollicituS,</strong></span> 
     </span>
    </p>
   </div>
   <div class='ocr_carea' id='block_1_4' title="bbox 443 3627 2206 3700">
    <p class='ocr_par' dir='ltr' id='par_1_26' title="bbox 443 3627 2206 3700">
     <span class='ocr_line' id='line_1_38' title="bbox 443 3627 2206 3700; baseline 0.001 -20"><span class='ocrx_word' id='word_1_289' title='bbox 443 3630 618 3681; x_wconf 82' lang='lat' dir='ltr'><strong>beatae</strong></span> <span class='ocrx_word' id='word_1_290' title='bbox 664 3627 769 3680; x_wconf 91' lang='lat' dir='ltr'><strong>Dei</strong></span> <span class='ocrx_word' id='word_1_291' title='bbox 803 3662 808 3667; x_wconf 82' lang='lat'>·</span> <span class='ocrx_word' id='word_1_292' title='bbox 819 3629 1085 3698; x_wconf 82' lang='lat' dir='ltr'><strong>genitrici,</strong></span> <span class='ocrx_word' id='word_1_293' title='bbox 1126 3629 1183 3681; x_wconf 91' lang='lat' dir='ltr'><strong>in</strong></span> <span class='ocrx_word' id='word_1_294' title='bbox 1227 3631 1381 3700; x_wconf 89' lang='lat' dir='ltr'><strong>cujus</strong></span> <span class='ocrx_word' id='word_1_295' title='bbox 1419 3629 1729 3682; x_wconf 91' lang='lat' dir='ltr'><strong>memoriam</strong></span> <span class='ocrx_word' id='word_1_296' title='bbox 1771 3637 2073 3682; x_wconf 86' lang='lat' dir='ltr'><strong>constructa</strong></span> <span class='ocrx_word' id='word_1_297' title='bbox 2124 3637 2206 3682; x_wconf 92' lang='lat' dir='ltr'><strong>est</strong></span> 
     </span>
    </p>
   </div>
   <div class='ocr_carea' id='block_1_5' title="bbox 2320 0 2398 4152">
    <p class='ocr_par' dir='ltr' id='par_1_27' title="bbox 2320 0 2398 4152">
     <span class='ocr_line' id='line_1_39' title="bbox 2320 0 2398 4152; baseline 0 0"><span class='ocrx_word' id='word_1_298' title='bbox 2320 0 2398 4152; x_wconf 95' lang='lat' dir='ltr'><strong> </strong></span> 
     </span>
    </p>
   </div>
  </div>
 </body>
</html>
