2398 4152
680 401 1043 443 MoNASTERII
1086 403 1164 443 DE
1206 403 1411 443 BELLo.
1805 387 1903 444 177

180 514 346 576 fundo
369 526 675 578 monasterii
708 527 862 579 sitam
886 526 1131 578 dominus
1154 544 1254 578 rex
1280 524 1492 577 domino
1519 523 1816 576 Godefrido
1842 524 1907 576 de

181 607 318 659 Luci
356 609 659 673 contulerit,
701 611 952 680 quodque
995 628 1118 661 eum
1160 609 1305 678 regia
1336 609 1650 660 auctoritate
1675 620 1907 677 praesen-

178 698 349 742 tatum
382 692 626 744 dominus
649 702 827 745 noster
844 693 1237 745 Cantuariensis
1268 693 1499 761 primum
1524 692 1740 755 electus,
1762 700 1907 761 post-

178 774 393 826 modum
418 777 858 847 archiepiscopus,
885 778 953 829 ad
977 778 1196 828 eandem
1220 776 1493 828 ecclesiam
1518 777 1824 844 susceperit,
1852 785 1907 828 et

175 857 232 908 in
258 876 534 925 personam
569 860 880 912 instituerit.
955 859 1045 911 Ad
1069 861 1183 911 haec
1214 859 1472 928 imprimis
1497 859 1637 910 salva
1660 878 1786 927 pace
1813 860 1906 911 do-

176 940 307 992 mini
330 942 469 1010 regis
507 945 902 1013 respondemus,
931 945 1075 1012 quod
1107 944 1164 994 in
1196 944 1356 994 rebus
1382 943 1746 994 ecclesiasticis
1770 943 1906 994 nihil

170 1024 307 1092 juris
355 1027 564 1078 obtinet
608 1036 843 1097 potestas
891 1027 1178 1079 seculariS.¹
1253 1026 1408 1078 Licet
1454 1027 1516 1077 ad
1569 1027 1798 1095 tempus,
1848 1027 1901 1078 in

174 1109 333 1160 rebus
356 1111 662 1163 monasterii
700 1110 908 1180 pastore
935 1111 1125 1173 orbati,
1166 1110 1276 1161 visa
1299 1110 1467 1161 fuerit
1491 1111 1736 1178 majestas
1760 1110 1907 1178 regia

174 1210 271 1260 pro
308 1200 572 1260 potestate
607 1194 709 1245 sibi
726 1195 864 1264 juris
889 1194 1093 1262 aliquid
1115 1194 1434 1256 vendicasse,
1475 1193 1611 1244 nihil
1635 1200 1812 1243 tamen
1838 1193 1905 1244 ad

176 1275 555 1328 detrimentum
593 1278 898 1329 monasterii
938 1278 1209 1329 abbatisve
1249 1277 1422 1328 futuri
1462 1277 1526 1327 de
1559 1278 1682 1346 jure
1724 1276 1905 1344 potuit

173 1358 258 1410 vel
283 1359 469 1411 debuit
492 1361 789 1425 immutare,
831 1361 1079 1426 alienare,
1125 1381 1219 1413 seu
1244 1361 1581 1429 aliquatenus
1607 1360 1904 1430 disponere,

174 1443 264 1493 sed
289 1444 469 1495 abbati
482 1444 684 1509 futuro,
701 1445 1014 1514 resignanda
1033 1445 1209 1496 omnia
1231 1445 1289 1495 in
1313 1464 1407 1496 sua
1432 1444 1756 1512 integritate,
1785 1462 1909 1495 con-

173 1529 393 1578 servare.
487 1528 707 1580 Domini
757 1529 924 1597 igitur
965 1529 1102 1597 regis
1148 1547 1307 1597 super
1350 1528 1571 1579 ecclesia
1614 1528 1677 1577 de
1718 1528 1813 1578 Wi
1851 1527 1908 1578 in

173 1610 340 1662 fundo
380 1612 684 1663 monasterii
718 1612 820 1664 sita
851 1613 999 1664 nulla
1040 1613 1227 1663 debuit
1253 1631 1364 1663 esse
1391 1611 1625 1673 donatio,
1669 1612 1797 1678 quia
1819 1629 1908 1662 va-

173 1695 339 1745 cantis
378 1696 609 1747 coenobii
642 1715 750 1747 non
784 1704 891 1746 tam
916 1705 1171 1764 patronus
1199 1714 1357 1762 quam
1384 1702 1577 1756 custOS,
1618 1694 1818 1747 nullam
1850 1694 1908 1745 in

172 1797 235 1829 eo
259 1779 461 1848 proprii
479 1780 617 1848 juris
642 1780 877 1831 obtinuit
909 1780 1311 1848 possessionem,
1356 1797 1453 1828 nec
1490 1778 1553 1828 de
1583 1779 1706 1846 jure
1732 1778 1905 1828 alieno

171 1862 339 1914 facere
367 1863 554 1913 debuit
580 1862 936 1914 donationem.
1016 1861 1152 1912 Cum
1190 1881 1332 1929 ergo,
1372 1861 1547 1930 palam
1573 1862 1643 1912 sit
1668 1862 1813 1928 quod
1837 1861 1907 1912 sit

169 1946 318 1997 irrita
342 1946 573 2008 donatio,
596 1964 922 2014 consequens
943 1946 1158 1996 omnino
1184 1954 1264 1996 est
1288 1953 1350 1995 ut
1376 1945 1537 1996 etiam
1551 1945 1698 1995 irrita
1716 1945 1906 1995 debeat

172 2047 283 2080 esse
322 2030 682 2099 praesentatio,
734 2030 861 2097 quia
900 2030 992 2096 qui
1038 2048 1147 2080 non
1187 2029 1368 2097 potuit
1408 2029 1549 2091 dare,
1592 2046 1690 2078 nec
1718 2028 1906 2078 debuit

168 2122 507 2183 praesentare.
583 2114 944 2165 Praesentatus
979 2113 1192 2164 domino
1222 2111 1590 2163 Cantuariensi
1616 2112 1785 2163 electo
1811 2131 1905 2180 per

171 2215 305 2248 eum‘
338 2198 532 2249 dicitur
555 2197 718 2249 fuisse
761 2197 1033 2259 admissus,
1062 2197 1154 2247 sed
1192 2196 1319 2247 licet
1357 2195 1561 2246 ratione
1599 2196 1904 2263 praeceden-

169 2281 307 2332 tium
343 2282 518 2335 minus
559 2282 812 2333 canonica
849 2281 1015 2333 fuerit
1052 2280 1340 2342 institutio,
1383 2288 1438 2329 et
1462 2279 1582 2329 ideo
1607 2279 1773 2340 irrita,
1800 2279 1904 2329 alia

168 2374 346 2417 tamen
385 2365 803 2417 consideratione
844 2364 993 2415 nulla
1016 2364 1139 2425 fuit,
1166 2381 1263 2413 nec
1290 2381 1401 2412 esse
1423 2362 1621 2430 potuit,
1651 2362 1901 2428 quoniam

169 2449 426 2501 electione
467 2448 847 2517 archiepiscopi
879 2466 975 2516 per
1015 2465 1280 2499 summum
1323 2445 1628 2513 pontificem
1664 2445 1900 2495 nondum

166 2533 487 2595 confirmata,
519 2532 718 2583 electus
758 2530 1070 2582 admittendi
1107 2529 1190 2580 vel
1233 2528 1548 2579 instituendi
1580 2547 1687 2578 non
1710 2528 1901 2579 habuit

162 2618 498 2686 potestatem.
577 2615 925 2666 Consecratus
965 2633 995 2664 a
1038 2613 1251 2663 domino
1291 2630 1428 2680 papa
1453 2611 1896 2680 archiepiscopus,

162 2709 217 2752 et
255 2719 286 2751 a
334 2700 456 2752 sede
499 2698 789 2767 apostolica
836 2697 893 2747 in
941 2695 1277 2764 plenitudine
1318 2696 1597 2762 potestatis
1638 2714 1894 2758 reversus,

154 2784 310 2851 >quod
333 2783 510 2834 minus
536 2790 693 2833 antea
717 2783 916 2833 fecerat
939 2780 1135 2831 dicitur
1154 2779 1422 2830 solennius
1448 2779 1651 2841 fecisse,
1680 2787 1735 2829 et
1760 2780 1897 2848 epis-

163 2867 331 2936 copali
372 2867 687 2918 auctoritate
733 2865 1084 2926 confirmasse,
1126 2864 1217 2914 sed
1254 2862 1403 2914 nulla
1447 2881 1558 2915 esse
1601 2862 1789 2914 debuit
1813 2863 1897 2914 vel

162 2950 341 3019 potuit
364 2950 532 3019 ipsius
567 2949 912 3011 confirmatio,
954 2967 1076 2998 cum
1100 2947 1156 2997 in
1181 2946 1348 3015 ipsius
1375 2947 1761 2997 consecratione
1789 2946 1896 2997 sint

163 3035 336 3085 omnia
360 3053 389 3085 a
414 3053 618 3085 summo
641 3033 892 3103 pontifice
919 3039 1132 3094 cassata,
1162 3047 1282 3097 quae
1306 3038 1426 3080 ante
1447 3030 1891 3080 consecrationem

162 3118 276 3186 ejus
315 3117 585 3170 electionis
622 3126 861 3185 tempore
901 3116 965 3166 ab
1003 3116 1119 3182 ipso
1158 3114 1372 3164 fuerant
1413 3113 1675 3164 instituta.
1753 3112 1889 3164 Cum

221 3309 235 3335 ¹
267 3308 371 3351 This
418 3323 502 3351 was
541 3324 566 3350 a
604 3308 704 3350 bold
740 3315 980 3349 statement.
1059 3306 1131 3347 the
1183 3305 1406 3361 privileges
1453 3303 1669 3346 bestowed
1718 3303 1775 3360 by
1817 3303 1888 3345 the

164 3365 241 3407 See
261 3380 301 3422 p.
323 3369 394 3420 91,
421 3366 559 3408 where
599 3366 671 3407 the
702 3373 888 3407 narrator
911 3364 980 3405 de·
1060 3363 1176 3418 King
1209 3376 1263 3403 on
1290 3362 1362 3404 the
1396 3361 1547 3417 abbey.
1611 3361 1651 3404 It
1680 3361 1715 3402 is
1752 3376 1889 3402 some-

162 3421 274 3476 tails,
304 3423 407 3465 with
442 3438 541 3480 very
562 3423 756 3465 different
792 3421 982 3476 feelings‚
1059 3420 1171 3461 what
1192 3419 1453 3461 remarkable
1474 3418 1565 3461 that
1587 3418 1629 3459 in
1652 3418 1753 3459 both
1772 3432 1889 3459 cases

163 3479 236 3520 the
290 3494 405 3522 same
449 3481 692 3535 reasonings
738 3478 869 3534 urged
926 3477 983 3533 by
1060 3476 1131 3518 the
1177 3476 1364 3518 doctrine
1404 3490 1489 3518 was
1529 3475 1802 3532 propounded
1833 3475 1889 3532 by

163 3535 235 3578 the
275 3536 435 3594 Bishop
462 3537 509 3579 of
541 3537 789 3580 Chichester
818 3534 985 3591 against
1060 3534 1219 3590 foreign
1243 3534 1470 3576 canonists.

1637 3622 1671 3656 N
