2398 4152
551 419 571 467 l
588 418 617 467 5
625 417 656 467 41
1072 428 1350 468 HISTORIA
1391 428 1516 470 FUN
1520 429 1745 471 DATION
1750 431 1804 471 IS

545 552 753 622 plicari.
833 553 922 605 Sic
959 553 1200 606 vicissim
1230 573 1330 607 rex
1371 573 1493 607 cum
1535 555 1644 607 suis
1685 555 1940 620 instabat,
1966 555 2058 609 ille
2097 558 2302 627 suppli·
2356 603 2364 618 ‚

545 639 718 702 cabat,
744 647 939 691 neuter
963 647 1144 692 tamen
1168 639 1324 691 alteri
1344 636 1446 709 *pro
1471 648 1596 692 voto
1622 640 1860 704 cedebat,
1887 641 2071 709 sicque
2098 641 2210 693 dies
2235 643 2303 695 ad
2346 672 2350 676 <

544 741 806 786 occasum,
832 743 890 776 re
914 724 1148 776 multum
1185 724 1428 792 capiente
1454 724 1734 788 effectum,
1760 726 2098 794 properabat.
2174 726 2302 780 Rex
2363 743 2376 796 j

542 818 724 861 tamen
748 809 936 863 nolens
962 809 1155 878 coeptis
1181 809 1456 871 desistere,
1482 817 1593 874 tam
1623 818 1737 862 erat
1771 809 2019 862 instando
2050 810 2301 880 infatiga·
2360 843 2361 846 =
2388 835 2390 838 ’

541 894 685 958 101115,
715 913 878 965 quam
901 894 993 946 ille
1017 913 1127 946 non
1151 894 1544 963 adquiescendo
1570 893 1906 947 inflexibilis,

268 1000 314 1031 At
328 999 396 1032 ιω
411 1000 488 1034 οᾱο
615 978 754 1032 Cum
791 980 960 1049 igitur
985 986 1200 1048 tempus
1225 997 1371 1031 casso
1395 979 1577 1031 labore
1605 987 2025 1043 consumeretur,
2045 980 2158 1049 jam
2186 999 2300 1034 om·
2386 1039 2395 1050 ,-

266 1051 476 1130 ξζῖἶὲὒει.
537 1064 666 1117 111110
693 1065 831 1118 circa
863 1084 989 1117 eum
1021 1064 1391 1117 inclinandum
1422 1064 1645 1117 humani
1676 1064 1843 1117 studii
1869 1064 2126 1119 defecisse
2151 1066 2299 1119 vide·
2354 1058 2356 1062 ’

265 1126 422 1240 {359
437 1167 476 1200 of
535 1150 696 1203 batur
733 1150 1032 1214 consilium,
1072 1150 1178 1202 nisi
1217 1150 1611 1220 supervenisset
1649 1149 1908 1204 divinum.
1988 1149 2098 1203 Sed
2136 1169 2299 1219 quem
2340 1146 2395 1211 [²

321 1210 491 1251 eophssus’
535 1236 604 1288 ad
621 1235 914 1289 voluntatis
940 1254 1054 1287 suae
1077 1235 1360 1287 arbitrium
1385 1235 1693 1304 pertrahere
1718 1254 1829 1288 non
1852 1235 2036 1305 potuit
2059 1244 2299 1305 potestas

533 1329 760 1382 terrena,
799 1329 1023 1390 repente
1068 1339 1192 1372 cum
1220 1320 1394 1372 voluit
1427 1321 1493 1372 de
1528 1319 1675 1372 facili
1712 1320 1871 1372 flexit
1895 1320 2065 1373 virtus
2098 1320 2294 1376 divina.
2357 1339 2359 1342 ⁴
2391 1339 2392 1342 ’

534 1405 900 1458 Occurrerunt
937 1423 1170 1473 namque
1210 1404 1390 1457 subito
1430 1405 1601 1456 menti
1645 1405 1762 1474 ejus
1804 1404 2095 1475 Theophili
2145 1415 2296 1458 actus
2350 1451 2352 1454 ,
2396 1454 2397 1459 ,

532 1491 627 1560 qui
649 1490 925 1543 Christum
949 1490 1181 1559 negavit,
1205 1489 1300 1559 qui
1327 1508 1449 1541 cum
1475 1497 1598 1541 ante
1625 1489 1965 1557 negationem
1986 1497 2152 1542 tantae
2180 1491 2296 1560 opi·
2347 1525 2351 1531 «
2394 1494 2398 1542 f

528 1575 705 1628 nionis
742 1574 951 1639 fuisset,
982 1583 1047 1626 ut
1085 1592 1210 1626 eum
1248 1573 1421 1626 clerus
1462 1582 1519 1626 et
1557 1574 1793 1643 populus
1838 1574 2077 1626 ecclesiae
2105 1574 2211 1627 Dei
2237 1576 2295 1630 in
2348 1622 2349 1625 ,
2388 1608 2392 1623 2

527 1660 713 1712 ordine
760 1659 1058 1730 pontificali
1092 1658 1495 1728 praeficiendum
1539 1658 1820 1727 eligerent,
1860 1659 2071 1712 vocanti
2115 1678 2171 1711 se
2210 1679 2294 1713 ec-
2343 1655 2352 1704 Ῐ
2396 1687 2398 1689 ·

526 1746 702 1798 clesiae
752 1745 1100 1815 pertinaciter
1142 1743 1439 1795 resistendo
1491 1761 1672 1795 curam
1725 1744 2047 1813 pastoralem
2091 1751 2292 1797 temere
2391 1741 2395 1801 ἶ

523 1830 743 1899 refugit,
805 1830 1247 1898 voluntatemque
1309 1827 1580 1897 propriam
1642 1829 1912 1882 communi
1970 1846 2292 1900 praeponens
2343 1827 2347 1847 ³
2393 1827 2395 1830 Α

521 1915 766 1980 utilitati,
812 1915 870 1967 in
918 1914 1157 1966 ecclesiae
1207 1912 1500 1965 offensione
1542 1911 1817 1965 Christum
1855 1913 2095 1967 ecclesiae
2133 1935 2292 1986 spon-
2340 1916 2349 1979 >j

521 2022 640 2054 sum
690 2000 932 2053 offendit.
1010 1999 1192 2054 Quem
1242 1998 1552 2067 indignatus
1602 1997 1976 2068 indignatione
2021 1999 2294 2054 Dominus
2328 2001 2346 2042 ’ῑ
2373 2035 2393 2072 3.

521 2086 725 2139 dimisit
764 2086 1059 2138 secundum
1098 2083 1360 2136 desideria
1394 2083 1565 2135 cordis
1602 2083 1685 2135 sui
1724 2101 1849 2151 quae
1888 2094 2073 2137 contra
2098 2085 2289 2138 Domi-
2378 2078 2380 2086 ’

520 2191 652 2224 1111111
677 2171 928 2240 elegerat,
965 2177 1029 2223 ut
1062 2169 1167 2221 iret
1190 2168 1248 2220 in
1283 2167 1752 2219 adinventionibus
1780 2168 1906 2233 51115,
1933 2189 2152 2224 manum
2175 2190 2287 2225 suae

520 2262 871 2333 protectionis
897 2260 1234 2323 subtrahenS,
1263 2269 1318 2311 et
1343 2259 1523 2329 ipsum
1547 2259 1781 2328 propriae
1809 2259 2094 2329 fragilitati
2127 2262 2289 2315 relin-
2349 2258 2357 2306 Ῑ

522 2368 710 2418 quenS.
788 2347 903 2402 Qui
934 2346 1113 2398 divina
1147 2346 1483 2415 protectione
1524 2344 1834 2408 destitutus,
1868 2354 1925 2398 et
1961 2355 2086 2416 post
2116 2347 2288 2399 modi·

522 2452 645 2485 cum
668 2451 764 2503 per
789 2432 955 2484 alium
981 2431 1310 2500 episcopum,
1340 2448 1503 2499 quem
1529 2448 1594 2482 eo
1618 2438 1900 2482 recusante
1928 2431 2032 2482 sibi
2064 2431 2288 2484 ecclesia
2346 2423 2381 2496 ³-j

519 2518 853 2588 praefecerat,
881 2537 912 2569 a
935 2516 1355 2569 vicedominatus
1378 2515 1580 2567 honore
1608 2522 1663 2566 et
1689 2514 1866 2566 officio
1894 2517 2040 2584 quod
2066 2524 2287 2569 eatenus
2374 2583 2378 2585 -

519 2605 782 2657 habuerat
806 2611 1034 2667 amotus,
1062 2602 1238 2672 primo
1266 2602 1487 2671 quidem
1525 2601 1590 2653 de
1631 2620 1726 2653 sua
1763 2601 2062 2670 dejectione
2086 2601 2284 2666 doluit,
2397 2605 2398 2612 ’

521 2691 705 2741 (1010115
731 2691 932 2759 absque
956 2688 1194 2740 remedio
1212 2687 1408 2740 divinae
1427 2686 1822 2749 consolationiS,
1845 2685 2120 2738 tristitiam
2137 2693 2284 2755 post·
2345 2681 2356 2740 :⁷

518 2776 738 2827 modum
773 2774 1018 2837 incurrit,
1045 2773 1214 2826 tristis
1252 2772 1572 2841 desperavit,
1599 2773 1884 2841 desperans
1915 2770 2128 2822 diabolo
2159 2789 2283 2839 pro-

515 2861 687 2913 fessus
712 2860 1029 2912 servitutem
1054 2859 1153 2911 sub
1174 2857 1521 2927 cyrographo,
1547 2857 1822 2909 Christum
1846 2855 2075 2924 negavit.
2141 2855 2278 2909 Haec
2341 2889 2342 2892 =
2364 2871 2380 2902 ’-

515 2946 737 3015 inquam
761 2945 934 2997 menti
958 2964 1087 3006 suae,
1113 2944 1259 2996 haud
1276 2943 1502 2995 dubium
1525 2943 1657 3011 quin
1679 2942 1800 2994 Deo
1825 2941 2170 3006 immittente,
2194 2962 2281 2995 oc-
2332 2983 2347 2987 „
2362 2930 2377 2954 '⁸

515 3031 802 3095 currentia,
827 3030 908 3082 vir
932 3029 1252 3083 venerabilis
1272 3029 1420 3098 prior
1460 3027 1860 3080 Cantuariensis
1887 3026 2008 3079 Odo
2034 3026 2281 3079 volvebat
2335 3019 2337 3022 ’
2360 3035 2375 3092 :j

514 3117 570 3168 in
595 3108 832 3187 pectore,
853 3117 1075 3186 jamque
1101 3116 1159 3166 in
1191 3113 1467 3166 anxietate
1502 3113 1723 3182 spiritus
1748 3112 1831 3164 sui
1856 3112 2083 3181 positUS,
2113 3112 2280 3182 coepit

514 3201 618 3253 sibi
642 3201 747 3271 ipsi
771 3209 1030 3264 metuere,
1058 3219 1126 3252 ne
1168 3199 1213 3252 si
1238 3199 1377 3251 forte
1402 3198 1546 3251 ultra
1580 3198 1826 3250 resistere
1861 3217 1973 3249 suae
2013 3197 2279 3250 vocationi

512 3294 880 3356 praesumeret,
924 3285 1214 3354 quicquam
1260 3283 1550 3354 Theophili
1601 3283 1808 3335 actibus
1849 3282 2020 3334 simile
2065 3282 2152 3334 vel
2186 3283 2277 3334 de·

514 3373 682 3424 terius
707 3371 915 3441 aliquid
940 3371 1044 3423 sibi
1070 3370 1421 3439 contingeret.

241 3479 311 3511 and
327 3480 364 3512 of
378 3481 431 3514 st.
585 3457 991 3510 Recordabatur
1036 3456 1387 3507 nihilominus
1437 3464 1494 3507 et
1514 3499 1517 3501 .
1538 3454 1684 3506 beati
1736 3453 1984 3505 Anselmi
2037 3452 2274 3505 Cantua-

239 3523 395 3556 ‘huam’
510 3543 699 3595 riensis
747 3542 1149 3611 archiepiscopi,
1192 3541 1287 3611 qui
1334 3548 1583 3610 suscepto
1621 3539 1826 3591 dudum
1864 3538 2141 3607 religionis
2177 3539 2271 3591 ha·
2331 3527 2360 3588 ſs]

509 3628 631 3680 bitu
679 3628 737 3680 in
786 3626 1111 3680 monasterio
1161 3626 1434 3689 Beccensi‚
1501 3643 1622 3677 cum
1690 3642 1743 3675 se
1794 3623 1852 3675 in
1902 3623 2150 3675 omnibus
2199 3623 2267 3674 ab
2358 3642 2360 3646 ·
