2398 4152
751 484 1113 526 MONASTERII
1156 484 1234 524 DE
1270 485 1472 526 BELLO.
1930 476 1961 526 3

229 603 349 652 dam
420 621 516 654 suo
581 621 765 656 cruore
831 606 1039 675 signans
1084 608 1294 671 dicavit,
1343 608 1584 676 hancque
1635 627 1705 660 ex
1766 609 1958 660 divinae

225 685 581 754 dispositionis
595 689 856 758 praesagio
878 698 1125 759 potenter
1149 692 1388 759 optinere
1407 692 1678 744 meruit.”¹

298 768 493 837 Sicque
518 790 614 839 pro
637 779 760 823 voto
794 773 1103 824 cedentibus
1137 774 1322 838 causiS,
1351 776 1464 826 dux
1497 775 1694 827 ibidem
1721 794 1829 827 non
1864 776 1957 828 diu
1978 793 2130 826 William

1976 834 2074 866 landa
2089 839 2126 867 at

223 861 472 916 moratus,
498 854 676 906 haud²
718 855 872 923 longe
907 856 1085 918 situm,
1114 857 1207 924 qui
1236 856 1524 925 Hastinges
1563 867 1795 922 vocatur,
1834 878 1954 911 cum
1978 875 2154 917 Hastings.

222 936 332 988 suis
370 937 502 989 adiit
532 946 764 1007 portum,
799 939 983 1007 ibique
1019 948 1378 1008 opportunum
1411 950 1596 992 nactus
1629 942 1820 1004 locum,
1854 943 1955 1011 lig-

220 1037 382 1070 neum
400 1020 610 1088 agiliter
628 1021 902 1072 castellum
923 1030 1159 1074 statuens
1177 1023 1394 1091 provide
1414 1023 1683 1075 munivit.³
1720 1025 1953 1076 Navium

218 1120 341 1153 vero
365 1111 517 1171 parte
539 1103 773 1155 maxima
790 1105 1169 1174 dispensatorie
1197 1107 1309 1175 jam
1343 1108 1631 1169 combusta,
1657 1125 1724 1157 ne
1753 1108 1954 1159 scilicet

217 1185 538 1254 repatriandi
557 1204 648 1255 spe
667 1187 835 1255 aliqui
852 1188 1075 1240 forsitan
1089 1189 1445 1258 negligentius
1466 1190 1656 1259 coeptis
1674 1190 1949 1254 instarent,

216 1269 329 1320 dux
361 1278 484 1338 post
517 1270 784 1322 modicum
821 1290 922 1323 rex
956 1272 1189 1336 futuru&
1227 1273 1484 1325 sollicitus
1526 1274 1953 1342 circumjacentia

215 1351 429 1404 sibimet
451 1353 735 1422 subjugare
776 1353 1079 1407 festinabat.
1157 1355 1283 1410 Quo
1317 1357 1516 1424 agnito,
1557 1358 1708 1424 regni
1745 1357 1952 1409 invasor

217 1433 483 1487 Haraldus
508 1436 728 1488 collecto
764 1438 1024 1489 maturius
1050 1439 1309 1502 exercitu,
1337 1440 1403 1490 ad
1427 1459 1549 1491 eum
1574 1440 1950 1508 expellendum

212 1518 297 1568 vel
320 1518 499 1587 potius
548 1538 669 1571 cum
707 1520 815 1572 suis
856 1522 1101 1573 omnibus
1141 1524 1620 1586 exterminandum,
1660 1525 1726 1575 ad
1774 1524 1950 1576 locum

214 1600 308 1668 qui
346 1620 486 1654 nunc
521 1603 735 1656 BeHum
768 1614 1107 1675 nuncupatur
1144 1607 1420 1658 temerarie
1458 1607 1730 1670 festinans,
1771 1609 1948 1660 venire

213 1702 321 1735 non
345 1686 664 1740 formidavit.
734 1688 980 1740 Occurrit
1004 1690 1253 1740 audacter
1278 1698 1334 1740 et
1359 1691 1473 1742 dux
1498 1691 1742 1760 equitum
1766 1692 1948 1743 cuneis

210 1769 609 1838 circumseptus·
698 1838 700 1840 v
733 1770 1159 1839 Perveniensque
1239 1773 1306 1823 ad
1379 1773 1555 1824 locum
1634 1774 1781 1825 collis
1853 1775 1947 1842 qui

211 1850 587 1904 *Hechelande
604 1853 813 1917 dicitur,
840 1873 871 1905 a
894 1862 1045 1922 parte
1068 1854 1450 1922 Hastingarum
1475 1856 1653 1918 situm,
1682 1857 1808 1906 dum
1834 1875 1946 1908 sese

210 1933 433 1987 invicem
458 1937 615 1988 armis
639 1937 845 1988 munire
872 1937 1215 2000 contendunt,
1243 1956 1301 1988 ac
1332 1938 1503 1989 eidem
1529 1939 1652 1990 duci
1686 1939 1848 1990 lorica
1882 1942 1945 1993 ad

207 2016 534 2070 induendum
557 2019 863 2088 porrigitur,
892 2035 962 2070 ex
986 2019 1254 2088 inproviso
1279 2020 1484 2071 inversa
1507 2021 1610 2089 ipsi
1645 2022 1822 2073 oblata
1846 2032 1943 2078 est.

209 2099 371 2154 Quod
411 2103 739 2154 advertentes
764 2103 858 2171 qui
891 2104 1124 2168 aderant,
1161 2105 1288 2155 dum
1323 2105 1405 2155 uti
1439 2105 1719 2156 infortunii
1750 2125 1945 2175 praesa-

205 2185 354 2253 gium
394 2195 786 2250 execrarentur,
830 2205 959 2238 mox
996 2196 1317 2239 memoratus
1357 2188 1503 2239 ducis
1543 2189 1748 2258 dapifer
1786 2190 1943 2247 solita

205 2277 419 2320 cunctos
443 2270 736 2321 constantia
760 2270 1100 2339 compescuit,
1127 2279 1451 2340 protestatus
1486 2280 1542 2322 et
1573 2272 1697 2323 hinc
1725 2292 1939 2342 quoque

205 2353 568 2422 prosperitatis
593 2353 844 2406 collatum
869 2353 1140 2417 indicium,
1170 2355 1314 2423 quod
1339 2355 1555 2418 scilicet,
1583 2375 1644 2406 ea
1669 2374 1790 2424 quae
1817 2366 1938 2409 ante

201 2436 485 2498 restabant,
512 2443 575 2487 ut
602 2437 875 2505 proposita
911 2437 1166 2488 securiter
1202 2437 1282 2487 1111
1320 2456 1530 2489 cessura
1563 2439 1753 2490 forent.
1831 2440 1938 2492 Sed

201 2519 314 2570 dux
350 2519 487 2570 1111111
523 2528 716 2582 motus,
756 2520 909 2571 vultu
962 2521 1169 2588 placido
1223 2521 1439 2572 loricam
1493 2521 1735 2586 induens,
1780 2524 1939 2592 digna

199 2603 468 2654 memoriae
517 2603 856 2655 concionatus
906 2604 1077 2655 dixit:
1135 2609 1167 2632 ‘⁶
1189 2604 1328 2667 Scio,
1378 2605 1657 2670 karissimi,
1700 2608 1844 2674 quod
1892 2607 1935 2658 si

201 2686 430 2738 sortibus
480 2686 762 2748 crederem,
811 2687 1013 2738 bellum
1061 2687 1217 2738 hodie
1278 2687 1580 2740 nullatenus
1639 2690 1930 2743 introirem.

204 2769 310 2819 Sed
357 2787 453 2838 ego
500 2788 584 2820 me
632 2769 689 2819 in
726 2770 869 2820 omni
912 2771 1125 2839 negotio
1166 2770 1406 2823 Creatori
1453 2791 1572 2823 meo
1616 2773 1932 2824 fiducialiter

199 2852 549 2915 committens,
574 2871 670 2904 nec
696 2853 927 2905 sortibus
968 2854 1183 2917 credidi,
1225 2874 1322 2906 nec
1364 2874 1617 2924 umquam
1657 2857 1931 2925 sortilegos

197 2936 382 2988 amavi.
459 2936 616 2987 Unde
643 2945 699 2988 et
722 2956 863 2990 nunc
889 2939 953 2989 de
979 2940 1092 3007 ejus
1130 2939 1335 2990 auxilio
1373 2958 1604 3003 securUS,
1632 2941 1699 2991 ad
1735 2949 1929 2991 vestras

199 3019 292 3086 qui
329 3018 434 3071 mei
471 3019 640 3087 gratia
674 3020 774 3071 hoc
816 3020 965 3072 initis
1005 3029 1268 3073 certamen
1307 3023 1711 3074 corroborandas
1744 3041 1929 3074 manus

257 3164 268 3188 ¹
302 3163 394 3206 The
433 3178 550 3206 same
596 3163 799 3206 anecdote
849 3165 885 3206 is
924 3179 1017 3206 nar·
1107 3163 1376 3206 termination
1402 3163 1450 3204 01
1472 3162 1542 3205 1110
1575 3177 1712 3205 omen.
1777 3167 1821 3205 lt
1841 3179 1925 3206 was

196 3220 329 3274 rated,
361 3221 462 3262 with
494 3235 610 3263 some
642 3220 770 3277 slight
804 3221 1019 3275 variation,
1104 3221 1220 3277 quite
1254 3221 1298 3261 in
1330 3220 1553 3272 character,
1586 3220 1792 3275 however,
1822 3221 1925 3263 with

195 3277 254 3334 by
286 3277 482 3320 William
533 3278 582 3320 of
626 3278 934 3335 Malmesbury,
975 3293 1017 3335 p.
1102 3279 1174 3319 the
1218 3277 1347 3333 ready
1376 3278 1449 3318 wit
1482 3276 1563 3318 and
1602 3276 1925 3320 determination

197 3337 297 3377 411.
1102 3335 1150 3376 of
1166 3334 1436 3375 Fitz-Osbert
1458 3349 1468 3384 3
1501 3348 1545 3374 as
1567 3347 1666 3390 may
1686 3333 1738 3375 be
1760 3349 1859 3376 seen
1880 3336 1923 3377 in

252 3391 269 3417 2
303 3390 422 3434 Haut
430 3409 445 3441 ;
476 3392 559 3434 and
580 3391 727 3445 below,
747 3392 829 3444 Set,
852 3391 945 3433 MS.
1102 3392 1173 3432 the
1194 3390 1396 3432 anecdote
1418 3390 1555 3432 which
1577 3390 1704 3432 Brom
1738 3398 1810 3433 ton
1831 3407 1924 3434 nar-

254 3449 270 3473 ³
301 3449 342 3490 It
359 3463 457 3505 may
474 3448 526 3491 be
548 3449 762 3502 observed,
785 3448 876 3489 that
898 3448 1017 3489 other
1101 3455 1210 3490 rates
1243 3448 1290 3489 of
1318 3447 1420 3502 him,
1458 3462 1498 3504 p.
1531 3450 1629 3502 958,
1672 3462 1694 3489 e
1729 3482 1738 3491 .
1776 3448 1923 3505 Twys-

196 3505 355 3547 writers
376 3505 575 3547 attribute
597 3513 640 3547 to
666 3505 738 3547 the
761 3505 886 3547 Duke
907 3505 1017 3546 hirn-
1102 3505 1197 3547 den.

196 3561 280 3603 sels
309 3562 380 3604 the
421 3577 597 3619 courage
628 3562 710 3605 and
744 3576 943 3619 presence
975 3560 1022 3603 off

196 3619 312 3660 mind
348 3619 486 3661 which
517 3619 702 3661 dictated
739 3634 785 3661 so
815 3619 956 3676 happy
993 3633 1016 3659 a
1159 3620 1174 3643 ⁴
1205 3618 1340 3667 Juxta
1362 3617 1634 3672 Bodeherstc‚
1657 3634 1696 3675 p.
1723 3623 1789 3662 11.

1665 3705 1687 3730 Β
1721 3693 1746 3730 2
