<?xml version="1.0" encoding="UTF-8"?>
<!DOCTYPE html PUBLIC "-//W3C//DTD XHTML 1.0 Transitional//EN"
    "http://www.w3.org/TR/xhtml1/DTD/xhtml1-transitional.dtd">
<html xmlns="http://www.w3.org/1999/xhtml" xml:lang="en" lang="en">
 <head>
  <title>
</title>
<meta http-equiv="Content-Type" content="text/html;charset=utf-8" />
  <meta name='ocr-system' content='tesseract 3.04.00' />
  <meta name='ocr-capabilities' content='ocr_page ocr_carea ocr_par ocr_line ocrx_word'/>
</head>
<body>
  <div class='ocr_page' id='page_1' title='image "./chroniconmonaste00battuoft_0119.png"; bbox 0 0 2398 4152; ppageno 0'>
   <div class='ocr_carea' id='block_1_1' title="bbox 0 0 195 2263">
    <p class='ocr_par' dir='ltr' id='par_1_1' title="bbox 0 0 195 2263">
     <span class='ocr_line' id='line_1_1' title="bbox 0 0 195 2263; baseline 0 0"><span class='ocrx_word' id='word_1_1' title='bbox 0 0 195 2263; x_wconf 95' lang='lat' dir='ltr'> </span> 
     </span>
    </p>
   </div>
   <div class='ocr_carea' id='block_1_2' title="bbox 723 449 1943 509">
    <p class='ocr_par' dir='ltr' id='par_1_2' title="bbox 723 449 1943 509">
     <span class='ocr_line' id='line_1_2' title="bbox 723 449 1943 509; baseline 0.002 -4"><span class='ocrx_word' id='word_1_2' title='bbox 723 465 1089 509; x_wconf 74' lang='lat' dir='ltr'>MoNAs&#39;rERn</span> <span class='ocrx_word' id='word_1_3' title='bbox 1135 466 1214 507; x_wconf 86' lang='lat' dir='ltr'>DE</span> <span class='ocrx_word' id='word_1_4' title='bbox 1256 466 1462 507; x_wconf 80' lang='lat' dir='ltr'>BELLo.</span> <span class='ocrx_word' id='word_1_5' title='bbox 1876 449 1943 507; x_wconf 82' lang='lat'>77</span> 
     </span>
    </p>
   </div>
   <div class='ocr_carea' id='block_1_3' title="bbox 215 586 2163 1075">
    <p class='ocr_par' dir='ltr' id='par_1_3' title="bbox 215 586 2124 990">
     <span class='ocr_line' id='line_1_3' title="bbox 216 586 1947 658; baseline -0.001 -17"><span class='ocrx_word' id='word_1_6' title='bbox 216 589 571 642; x_wconf 84' lang='lat' dir='ltr'>falsissimum.</span> <span class='ocrx_word' id='word_1_7' title='bbox 647 587 765 640; x_wconf 91' lang='lat' dir='ltr'>Hac</span> <span class='ocrx_word' id='word_1_8' title='bbox 791 589 855 640; x_wconf 92' lang='lat' dir='ltr'>de</span> <span class='ocrx_word' id='word_1_9' title='bbox 883 607 1039 640; x_wconf 88' lang='lat' dir='ltr'>causa</span> <span class='ocrx_word' id='word_1_10' title='bbox 1063 589 1341 658; x_wconf 89' lang='lat' dir='ltr'>episcopus</span> <span class='ocrx_word' id='word_1_11' title='bbox 1368 588 1527 639; x_wconf 85' lang='lat' dir='ltr'>etiam</span> <span class='ocrx_word' id='word_1_12' title='bbox 1555 586 1828 639; x_wconf 88' lang='lat' dir='ltr'>Cicestriae</span> <span class='ocrx_word' id='word_1_13' title='bbox 1862 606 1947 639; x_wconf 90' lang='lat' dir='ltr'>re-</span> 
     </span>
     <span class='ocr_line' id='line_1_4' title="bbox 215 672 1943 743; baseline -0.001 -19"><span class='ocrx_word' id='word_1_14' title='bbox 215 681 410 743; x_wconf 90' lang='lat' dir='ltr'>putans</span> <span class='ocrx_word' id='word_1_15' title='bbox 435 692 489 724; x_wconf 94' lang='lat' dir='ltr'>se</span> <span class='ocrx_word' id='word_1_16' title='bbox 514 673 682 742; x_wconf 91' lang='lat' dir='ltr'>ipsius</span> <span class='ocrx_word' id='word_1_17' title='bbox 702 673 907 723; x_wconf 91' lang='lat' dir='ltr'>abbatis</span> <span class='ocrx_word' id='word_1_18' title='bbox 931 673 1265 724; x_wconf 85' lang='lat' dir='ltr'>intimatione</span> <span class='ocrx_word' id='word_1_19' title='bbox 1296 691 1419 740; x_wconf 86' lang='lat' dir='ltr'>erga</span> <span class='ocrx_word' id='word_1_20' title='bbox 1455 690 1637 739; x_wconf 88' lang='lat' dir='ltr'>regem</span> <span class='ocrx_word' id='word_1_21' title='bbox 1674 690 1781 722; x_wconf 92' lang='lat' dir='ltr'>non</span> <span class='ocrx_word' id='word_1_22' title='bbox 1804 672 1943 723; x_wconf 91' lang='lat' dir='ltr'>bene</span> 
     </span>
     <span class='ocr_line' id='line_1_5' title="bbox 215 755 1945 825; baseline -0.001 -17"><span class='ocrx_word' id='word_1_23' title='bbox 215 764 492 825; x_wconf 86' lang='lat' dir='ltr'>acceptum</span> <span class='ocrx_word' id='word_1_24' title='bbox 546 756 677 818; x_wconf 87' lang='lat' dir='ltr'>fore,</span> <span class='ocrx_word' id='word_1_25' title='bbox 723 774 929 807; x_wconf 86' lang='lat' dir='ltr'>necnon</span> <span class='ocrx_word' id='word_1_26' title='bbox 975 764 1031 807; x_wconf 92' lang='lat' dir='ltr'>et</span> <span class='ocrx_word' id='word_1_27' title='bbox 1071 775 1168 825; x_wconf 89' lang='lat' dir='ltr'>pro</span> <span class='ocrx_word' id='word_1_28' title='bbox 1194 756 1309 807; x_wconf 90' lang='lat' dir='ltr'>aliis</span> <span class='ocrx_word' id='word_1_29' title='bbox 1353 756 1461 807; x_wconf 89' lang='lat' dir='ltr'>suis</span> <span class='ocrx_word' id='word_1_30' title='bbox 1501 755 1748 822; x_wconf 85' lang='lat' dir='ltr'>negotiiS,</span> <span class='ocrx_word' id='word_1_31' title='bbox 1808 755 1945 807; x_wconf 90' lang='lat' dir='ltr'>circa</span> 
     </span>
     <span class='ocr_line' id='line_1_6' title="bbox 215 828 2124 907; baseline 0.001 -17"><span class='ocrx_word' id='word_1_32' title='bbox 215 828 411 891; x_wconf 88' lang='lat' dir='ltr'>festum</span> <span class='ocrx_word' id='word_1_33' title='bbox 437 839 602 891; x_wconf 89' lang='lat' dir='ltr'>sancti</span> <span class='ocrx_word' id='word_1_34' title='bbox 627 839 852 890; x_wconf 87' lang='lat' dir='ltr'>Martini</span> <span class='ocrx_word' id='word_1_35' title='bbox 876 840 1099 891; x_wconf 85' lang='lat' dir='ltr'>hiemale</span> <span class='ocrx_word' id='word_1_36' title='bbox 1125 839 1367 891; x_wconf 82' lang='lat' dir='ltr'>transivit</span> <span class='ocrx_word' id='word_1_37' title='bbox 1405 840 1472 890; x_wconf 91' lang='lat' dir='ltr'>ad</span> <span class='ocrx_word' id='word_1_38' title='bbox 1509 858 1688 907; x_wconf 84' lang='lat' dir='ltr'>regem</span> <span class='ocrx_word' id='word_1_39' title='bbox 1726 848 1781 891; x_wconf 93' lang='lat' dir='ltr'>et</span> <span class='ocrx_word' id='word_1_40' title='bbox 1824 858 1944 891; x_wconf 91' lang='lat' dir='ltr'>cum</span> <span class='ocrx_word' id='word_1_41' title='bbox 1964 854 2054 886; x_wconf 85' lang='lat' dir='ltr'>Nov.</span> <span class='ocrx_word' id='word_1_42' title='bbox 2075 857 2124 885; x_wconf 85' lang='lat'>11·</span> 
     </span>
     <span class='ocr_line' id='line_1_7' title="bbox 216 921 1739 990; baseline 0 -18"><span class='ocrx_word' id='word_1_43' title='bbox 216 941 280 973; x_wconf 94' lang='lat' dir='ltr'>eo</span> <span class='ocrx_word' id='word_1_44' title='bbox 304 931 538 974; x_wconf 92' lang='lat' dir='ltr'>moratus</span> <span class='ocrx_word' id='word_1_45' title='bbox 565 930 664 986; x_wconf 88' lang='lat' dir='ltr'>est,</span> <span class='ocrx_word' id='word_1_46' title='bbox 693 923 859 974; x_wconf 90' lang='lat' dir='ltr'>donec</span> <span class='ocrx_word' id='word_1_47' title='bbox 884 941 982 973; x_wconf 88' lang='lat' dir='ltr'>rex</span> <span class='ocrx_word' id='word_1_48' title='bbox 1008 931 1362 974; x_wconf 81' lang='lat' dir='ltr'>reverteretur</span> <span class='ocrx_word' id='word_1_49' title='bbox 1388 923 1443 972; x_wconf 90' lang='lat' dir='ltr'>in</span> <span class='ocrx_word' id='word_1_50' title='bbox 1469 921 1739 990; x_wconf 85' lang='lat' dir='ltr'>Angliam.</span> 
     </span>
    </p>

    <p class='ocr_par' dir='ltr' id='par_1_4' title="bbox 286 1005 2163 1075">
     <span class='ocr_line' id='line_1_8' title="bbox 286 1005 2163 1075; baseline 0.001 -19"><span class='ocrx_word' id='word_1_51' title='bbox 286 1005 352 1056; x_wconf 91' lang='lat' dir='ltr'>In</span> <span class='ocrx_word' id='word_1_52' title='bbox 385 1007 556 1075; x_wconf 91' lang='lat' dir='ltr'>prima</span> <span class='ocrx_word' id='word_1_53' title='bbox 593 1006 884 1057; x_wconf 89' lang='lat' dir='ltr'>ebdomada</span> <span class='ocrx_word' id='word_1_54' title='bbox 910 1006 1342 1074; x_wconf 82' lang='lat' dir='ltr'>Quadragesimae</span> <span class='ocrx_word' id='word_1_55' title='bbox 1379 1006 1649 1073; x_wconf 91' lang='lat' dir='ltr'>sequentis</span> <span class='ocrx_word' id='word_1_56' title='bbox 1683 1014 1943 1057; x_wconf 91' lang='lat' dir='ltr'>venerunt</span> <span class='ocrx_word' id='word_1_57' title='bbox 1965 1025 2003 1048; x_wconf 68' lang='lat' dir='ltr'>A·</span> <span class='ocrx_word' id='word_1_58' title='bbox 2016 1025 2053 1048; x_wconf 84' lang='lat' dir='ltr'>n.</span> <span class='ocrx_word' id='word_1_59' title='bbox 2068 1013 2163 1046; x_wconf 81' lang='grc'>1156-</span> 
     </span>
    </p>
   </div>
   <div class='ocr_carea' id='block_1_4' title="bbox 1966 1058 2130 1105">
    <p class='ocr_par' dir='ltr' id='par_1_5' title="bbox 1966 1058 2130 1105">
     <span class='ocr_line' id='line_1_9' title="bbox 1966 1058 2130 1105; baseline -0.013 -16"><span class='ocrx_word' id='word_1_60' title='bbox 1966 1058 2068 1105; x_wconf 79' lang='lat' dir='ltr'>Upon</span> <span class='ocrx_word' id='word_1_61' title='bbox 2082 1065 2130 1087; x_wconf 86' lang='lat' dir='ltr'>re·</span> 
     </span>
    </p>
   </div>
   <div class='ocr_carea' id='block_1_5' title="bbox 215 1068 2176 1252">
    <p class='ocr_par' dir='ltr' id='par_1_6' title="bbox 215 1068 2176 1252">
     <span class='ocr_line' id='line_1_10' title="bbox 215 1068 2176 1175; baseline -0.001 -35"><span class='ocrx_word' id='word_1_62' title='bbox 215 1089 320 1140; x_wconf 92' lang='lat' dir='ltr'>duo</span> <span class='ocrx_word' id='word_1_63' title='bbox 354 1088 537 1139; x_wconf 90' lang='lat' dir='ltr'>decani</span> <span class='ocrx_word' id='word_1_64' title='bbox 563 1088 797 1157; x_wconf 87' lang='lat' dir='ltr'>episcopi</span> <span class='ocrx_word' id='word_1_65' title='bbox 826 1088 1114 1151; x_wconf 87' lang='lat' dir='ltr'>Cicestriae‚</span> <span class='ocrx_word' id='word_1_66' title='bbox 1145 1087 1419 1156; x_wconf 86' lang='lat' dir='ltr'>Ansgerus</span> <span class='ocrx_word' id='word_1_67' title='bbox 1446 1088 1649 1139; x_wconf 90' lang='lat' dir='ltr'>scilicet</span> <span class='ocrx_word' id='word_1_68' title='bbox 1673 1088 1942 1140; x_wconf 88' lang='lat' dir='ltr'>Lewensis</span> <span class='ocrx_word' id='word_1_69' title='bbox 1964 1068 2176 1175; x_wconf 53' lang='lat' dir='ltr'>“awinffinef</span> 
     </span>
     <span class='ocr_line' id='line_1_11' title="bbox 215 1139 2176 1252; baseline -0.001 -30"><span class='ocrx_word' id='word_1_70' title='bbox 215 1178 271 1222; x_wconf 87' lang='lat' dir='ltr'>et</span> <span class='ocrx_word' id='word_1_71' title='bbox 284 1170 512 1222; x_wconf 87' lang='lat' dir='ltr'>Thomas</span> <span class='ocrx_word' id='word_1_72' title='bbox 525 1171 913 1239; x_wconf 88' lang='lat' dir='ltr'>Hastingensis,</span> <span class='ocrx_word' id='word_1_73' title='bbox 929 1172 1157 1234; x_wconf 92' lang='lat' dir='ltr'>Bellum,</span> <span class='ocrx_word' id='word_1_74' title='bbox 1171 1172 1492 1222; x_wconf 87' lang='lat' dir='ltr'>adducentes</span> <span class='ocrx_word' id='word_1_75' title='bbox 1509 1189 1686 1221; x_wconf 90' lang='lat' dir='ltr'>secum</span> <span class='ocrx_word' id='word_1_76' title='bbox 1706 1172 1942 1239; x_wconf 89' lang='lat' dir='ltr'>quinque</span> <span class='ocrx_word' id='word_1_77' title='bbox 1963 1139 2176 1252; x_wconf 52' lang='grc' dir='ltr'>Ξξὲἓέξξὲθ</span> 
     </span>
    </p>
   </div>
   <div class='ocr_carea' id='block_1_6' title="bbox 213 1249 2176 2409">
    <p class='ocr_par' dir='ltr' id='par_1_7' title="bbox 213 1249 2176 2409">
     <span class='ocr_line' id='line_1_12' title="bbox 213 1249 2176 1336; baseline 0.001 -31"><span class='ocrx_word' id='word_1_78' title='bbox 213 1249 553 1324; x_wconf 85' lang='lat' dir='ltr'>presbiteros,</span> <span class='ocrx_word' id='word_1_79' title='bbox 591 1254 867 1322; x_wconf 90' lang='lat' dir='ltr'>locutique</span> <span class='ocrx_word' id='word_1_80' title='bbox 904 1272 1026 1305; x_wconf 93' lang='lat' dir='ltr'>cum</span> <span class='ocrx_word' id='word_1_81' title='bbox 1069 1254 1258 1305; x_wconf 88' lang='lat' dir='ltr'>abbate</span> <span class='ocrx_word' id='word_1_82' title='bbox 1299 1254 1611 1305; x_wconf 85' lang='lat' dir='ltr'>obtulerunt</span> <span class='ocrx_word' id='word_1_83' title='bbox 1655 1254 1703 1305; x_wconf 93' lang='lat' dir='ltr'>ei</span> <span class='ocrx_word' id='word_1_84' title='bbox 1739 1255 1943 1306; x_wconf 88' lang='lat' dir='ltr'>litteras</span> <span class='ocrx_word' id='word_1_85' title='bbox 1965 1263 2176 1336; x_wconf 50' lang='lat' dir='ltr'>blissssisssssstr.</span> 
     </span>
     <span class='ocr_line' id='line_1_13' title="bbox 215 1337 1946 1407; baseline 0.001 -19"><span class='ocrx_word' id='word_1_86' title='bbox 215 1337 414 1389; x_wconf 89' lang='lat' dir='ltr'>domini</span> <span class='ocrx_word' id='word_1_87' title='bbox 437 1356 591 1406; x_wconf 90' lang='lat' dir='ltr'>papae</span> <span class='ocrx_word' id='word_1_88' title='bbox 618 1337 860 1401; x_wconf 89' lang='lat' dir='ltr'>Adriani,</span> <span class='ocrx_word' id='word_1_89' title='bbox 887 1337 1144 1390; x_wconf 86' lang='lat' dir='ltr'>instantes</span> <span class='ocrx_word' id='word_1_90' title='bbox 1181 1346 1244 1388; x_wconf 89' lang='lat' dir='ltr'>ut</span> <span class='ocrx_word' id='word_1_91' title='bbox 1279 1355 1589 1406; x_wconf 91' lang='lat' dir='ltr'>responsum</span> <span class='ocrx_word' id='word_1_92' title='bbox 1633 1339 1748 1406; x_wconf 90' lang='lat' dir='ltr'>ejus</span> <span class='ocrx_word' id='word_1_93' title='bbox 1788 1357 1946 1407; x_wconf 87' lang='lat' dir='ltr'>super</span> 
     </span>
     <span class='ocr_line' id='line_1_14' title="bbox 213 1419 1948 1489; baseline 0.001 -17"><span class='ocrx_word' id='word_1_94' title='bbox 213 1421 298 1472; x_wconf 89' lang='lat' dir='ltr'>his</span> <span class='ocrx_word' id='word_1_95' title='bbox 322 1421 576 1473; x_wconf 88' lang='lat' dir='ltr'>festinato</span> <span class='ocrx_word' id='word_1_96' title='bbox 601 1422 769 1489; x_wconf 87' lang='lat' dir='ltr'>gradu</span> <span class='ocrx_word' id='word_1_97' title='bbox 809 1421 1174 1472; x_wconf 84' lang='lat' dir='ltr'>archidiacono</span> <span class='ocrx_word' id='word_1_98' title='bbox 1203 1420 1471 1472; x_wconf 87' lang='lat' dir='ltr'>Cicestriae</span> <span class='ocrx_word' id='word_1_99' title='bbox 1514 1419 1748 1473; x_wconf 88' lang='lat' dir='ltr'>Henrico</span> <span class='ocrx_word' id='word_1_100' title='bbox 1784 1422 1948 1473; x_wconf 88' lang='lat' dir='ltr'>reser-</span> 
     </span>
     <span class='ocr_line' id='line_1_15' title="bbox 214 1504 1948 1575; baseline 0.001 -19"><span class='ocrx_word' id='word_1_101' title='bbox 214 1513 350 1556; x_wconf 89' lang='lat' dir='ltr'>rent.</span> <span class='ocrx_word' id='word_1_102' title='bbox 428 1504 611 1556; x_wconf 89' lang='lat' dir='ltr'>Abbas</span> <span class='ocrx_word' id='word_1_103' title='bbox 639 1513 817 1556; x_wconf 87' lang='lat' dir='ltr'>autem</span> <span class='ocrx_word' id='word_1_104' title='bbox 841 1505 899 1555; x_wconf 91' lang='lat' dir='ltr'>in</span> <span class='ocrx_word' id='word_1_105' title='bbox 925 1505 1194 1575; x_wconf 88' lang='lat' dir='ltr'>secretiori</span> <span class='ocrx_word' id='word_1_106' title='bbox 1218 1505 1334 1556; x_wconf 93' lang='lat' dir='ltr'>loco</span> <span class='ocrx_word' id='word_1_107' title='bbox 1376 1505 1569 1557; x_wconf 89' lang='lat' dir='ltr'>litteris</span> <span class='ocrx_word' id='word_1_108' title='bbox 1603 1505 1856 1574; x_wconf 89' lang='lat' dir='ltr'>inspectis</span> <span class='ocrx_word' id='word_1_109' title='bbox 1893 1514 1948 1557; x_wconf 92' lang='lat' dir='ltr'>et</span> 
     </span>
     <span class='ocr_line' id='line_1_16' title="bbox 216 1588 1945 1657; baseline 0.001 -18"><span class='ocrx_word' id='word_1_110' title='bbox 216 1588 480 1657; x_wconf 82' lang='lat' dir='ltr'>perlectiS,</span> <span class='ocrx_word' id='word_1_111' title='bbox 508 1589 677 1640; x_wconf 92' lang='lat' dir='ltr'>accito</span> <span class='ocrx_word' id='word_1_112' title='bbox 701 1589 876 1657; x_wconf 90' lang='lat' dir='ltr'>priore</span> <span class='ocrx_word' id='word_1_113' title='bbox 904 1589 1142 1657; x_wconf 90' lang='lat' dir='ltr'>ejusdem</span> <span class='ocrx_word' id='word_1_114' title='bbox 1168 1588 1271 1639; x_wconf 92' lang='lat' dir='ltr'>loci</span> <span class='ocrx_word' id='word_1_115' title='bbox 1297 1596 1352 1639; x_wconf 91' lang='lat' dir='ltr'>et</span> <span class='ocrx_word' id='word_1_116' title='bbox 1375 1589 1628 1640; x_wconf 85' lang='lat' dir='ltr'>fratribus</span> <span class='ocrx_word' id='word_1_117' title='bbox 1658 1589 1945 1653; x_wconf 91' lang='lat' dir='ltr'>nonnullis,</span> 
     </span>
     <span class='ocr_line' id='line_1_17' title="bbox 217 1671 1947 1740; baseline 0 -18"><span class='ocrx_word' id='word_1_118' title='bbox 217 1671 544 1740; x_wconf 86' lang='lat' dir='ltr'>consilioque</span> <span class='ocrx_word' id='word_1_119' title='bbox 571 1672 956 1724; x_wconf 89' lang='lat' dir='ltr'>communicato</span> <span class='ocrx_word' id='word_1_120' title='bbox 994 1672 1050 1723; x_wconf 92' lang='lat' dir='ltr'>in</span> <span class='ocrx_word' id='word_1_121' title='bbox 1087 1672 1336 1723; x_wconf 92' lang='lat' dir='ltr'>omnibus</span> <span class='ocrx_word' id='word_1_122' title='bbox 1375 1673 1666 1723; x_wconf 91' lang='lat' dir='ltr'>secundum</span> <span class='ocrx_word' id='word_1_123' title='bbox 1709 1680 1947 1723; x_wconf 87' lang='lat' dir='ltr'>tenorem</span> 
     </span>
     <span class='ocr_line' id='line_1_18' title="bbox 214 1755 1947 1825; baseline 0.001 -19"><span class='ocrx_word' id='word_1_124' title='bbox 214 1755 530 1818; x_wconf 86' lang='lat' dir='ltr'>litterarum,</span> <span class='ocrx_word' id='word_1_125' title='bbox 559 1773 613 1806; x_wconf 89' lang='lat' dir='ltr'>se</span> <span class='ocrx_word' id='word_1_126' title='bbox 648 1755 922 1825; x_wconf 89' lang='lat' dir='ltr'>respondit</span> <span class='ocrx_word' id='word_1_127' title='bbox 962 1756 1320 1818; x_wconf 89' lang='lat' dir='ltr'>obediturum,</span> <span class='ocrx_word' id='word_1_128' title='bbox 1363 1756 1503 1807; x_wconf 86' lang='lat' dir='ltr'>salvo</span> <span class='ocrx_word' id='word_1_129' title='bbox 1541 1756 1740 1806; x_wconf 88' lang='lat' dir='ltr'>honore</span> <span class='ocrx_word' id='word_1_130' title='bbox 1780 1756 1947 1824; x_wconf 92' lang='lat' dir='ltr'>ipsius</span> 
     </span>
     <span class='ocr_line' id='line_1_19' title="bbox 218 1838 1947 1908; baseline 0.001 -18"><span class='ocrx_word' id='word_1_131' title='bbox 218 1838 418 1890; x_wconf 92' lang='lat' dir='ltr'>domini</span> <span class='ocrx_word' id='word_1_132' title='bbox 441 1857 615 1908; x_wconf 90' lang='lat' dir='ltr'>papae,</span> <span class='ocrx_word' id='word_1_133' title='bbox 644 1847 700 1889; x_wconf 91' lang='lat' dir='ltr'>et</span> <span class='ocrx_word' id='word_1_134' title='bbox 738 1838 995 1890; x_wconf 87' lang='lat' dir='ltr'>fidelitate</span> <span class='ocrx_word' id='word_1_135' title='bbox 1040 1839 1196 1889; x_wconf 91' lang='lat' dir='ltr'>simul</span> <span class='ocrx_word' id='word_1_136' title='bbox 1242 1848 1297 1890; x_wconf 92' lang='lat' dir='ltr'>et</span> <span class='ocrx_word' id='word_1_137' title='bbox 1327 1839 1527 1890; x_wconf 91' lang='lat' dir='ltr'>honore</span> <span class='ocrx_word' id='word_1_138' title='bbox 1567 1838 1767 1889; x_wconf 89' lang='lat' dir='ltr'>domini</span> <span class='ocrx_word' id='word_1_139' title='bbox 1810 1840 1947 1908; x_wconf 84' lang='lat' dir='ltr'>regis</span> 
     </span>
     <span class='ocr_line' id='line_1_20' title="bbox 219 1921 1946 1991; baseline 0.001 -18"><span class='ocrx_word' id='word_1_140' title='bbox 219 1921 448 1989; x_wconf 86' lang='lat' dir='ltr'>Angliae,</span> <span class='ocrx_word' id='word_1_141' title='bbox 478 1930 533 1973; x_wconf 92' lang='lat' dir='ltr'>et</span> <span class='ocrx_word' id='word_1_142' title='bbox 555 1940 796 1990; x_wconf 91' lang='lat' dir='ltr'>personae</span> <span class='ocrx_word' id='word_1_143' title='bbox 823 1938 951 1985; x_wconf 88' lang='lat' dir='ltr'>suae,</span> <span class='ocrx_word' id='word_1_144' title='bbox 980 1930 1035 1972; x_wconf 86' lang='lat' dir='ltr'>et</span> <span class='ocrx_word' id='word_1_145' title='bbox 1075 1922 1273 1972; x_wconf 90' lang='lat' dir='ltr'>ordinis</span> <span class='ocrx_word' id='word_1_146' title='bbox 1314 1922 1414 1985; x_wconf 91' lang='lat' dir='ltr'>sui,</span> <span class='ocrx_word' id='word_1_147' title='bbox 1456 1922 1596 1973; x_wconf 90' lang='lat' dir='ltr'>salvo</span> <span class='ocrx_word' id='word_1_148' title='bbox 1635 1922 1793 1973; x_wconf 92' lang='lat' dir='ltr'>etiam</span> <span class='ocrx_word' id='word_1_149' title='bbox 1823 1924 1946 1991; x_wconf 87' lang='lat' dir='ltr'>jure</span> 
     </span>
     <span class='ocr_line' id='line_1_21' title="bbox 219 2004 1948 2074; baseline 0.001 -17"><span class='ocrx_word' id='word_1_150' title='bbox 219 2005 454 2057; x_wconf 88' lang='lat' dir='ltr'>ecclesiae</span> <span class='ocrx_word' id='word_1_151' title='bbox 481 2025 610 2057; x_wconf 87' lang='lat' dir='ltr'>suae.</span> <span class='ocrx_word' id='word_1_152' title='bbox 687 2004 807 2056; x_wconf 92' lang='lat' dir='ltr'>Hoc</span> <span class='ocrx_word' id='word_1_153' title='bbox 828 2013 1042 2074; x_wconf 90' lang='lat' dir='ltr'>accepto</span> <span class='ocrx_word' id='word_1_154' title='bbox 1062 2004 1164 2055; x_wconf 89' lang='lat' dir='ltr'>alia</span> <span class='ocrx_word' id='word_1_155' title='bbox 1184 2005 1356 2055; x_wconf 91' lang='lat' dir='ltr'>eidem</span> <span class='ocrx_word' id='word_1_156' title='bbox 1379 2005 1694 2067; x_wconf 85' lang='lat' dir='ltr'>intulerunt,</span> <span class='ocrx_word' id='word_1_157' title='bbox 1713 2005 1948 2058; x_wconf 88' lang='lat' dir='ltr'>dicentes</span> 
     </span>
     <span class='ocr_line' id='line_1_22' title="bbox 220 2087 1947 2151; baseline 0.001 -11"><span class='ocrx_word' id='word_1_158' title='bbox 220 2089 516 2141; x_wconf 86' lang='lat' dir='ltr'>Johannem</span> <span class='ocrx_word' id='word_1_159' title='bbox 561 2088 906 2141; x_wconf 86' lang='lat' dir='ltr'>Cicestrensis</span> <span class='ocrx_word' id='word_1_160' title='bbox 947 2088 1182 2139; x_wconf 75' lang='lat' dir='ltr'>ecclesiae</span> <span class='ocrx_word' id='word_1_161' title='bbox 1233 2088 1508 2151; x_wconf 90' lang='lat' dir='ltr'>decanum,</span> <span class='ocrx_word' id='word_1_162' title='bbox 1559 2095 1614 2139; x_wconf 93' lang='lat' dir='ltr'>et</span> <span class='ocrx_word' id='word_1_163' title='bbox 1652 2087 1947 2141; x_wconf 91' lang='lat' dir='ltr'>Henricum</span> 
     </span>
     <span class='ocr_line' id='line_1_23' title="bbox 219 2172 1948 2241; baseline 0 -17"><span class='ocrx_word' id='word_1_164' title='bbox 219 2172 661 2235; x_wconf 89' lang='lat' dir='ltr'>archidiaconum,</span> <span class='ocrx_word' id='word_1_165' title='bbox 689 2180 745 2223; x_wconf 88' lang='lat' dir='ltr'>et</span> <span class='ocrx_word' id='word_1_166' title='bbox 770 2173 1045 2240; x_wconf 84' lang='lat' dir='ltr'>Rogerum</span> <span class='ocrx_word' id='word_1_167' title='bbox 1085 2172 1469 2223; x_wconf 90' lang='lat' dir='ltr'>thesaurarium</span> <span class='ocrx_word' id='word_1_168' title='bbox 1509 2172 1743 2241; x_wconf 86' lang='lat' dir='ltr'>ejusdem</span> <span class='ocrx_word' id='word_1_169' title='bbox 1783 2174 1948 2224; x_wconf 93' lang='lat' dir='ltr'>eccle-</span> 
     </span>
     <span class='ocr_line' id='line_1_24' title="bbox 216 2256 1945 2326; baseline 0.001 -18"><span class='ocrx_word' id='word_1_170' title='bbox 216 2256 325 2320; x_wconf 89' lang='lat' dir='ltr'>siae,</span> <span class='ocrx_word' id='word_1_171' title='bbox 378 2275 447 2308; x_wconf 86' lang='lat' dir='ltr'>ex</span> <span class='ocrx_word' id='word_1_172' title='bbox 494 2265 644 2326; x_wconf 89' lang='lat' dir='ltr'>parte</span> <span class='ocrx_word' id='word_1_173' title='bbox 695 2256 896 2308; x_wconf 91' lang='lat' dir='ltr'>domini</span> <span class='ocrx_word' id='word_1_174' title='bbox 955 2275 1127 2325; x_wconf 88' lang='lat' dir='ltr'>papae,</span> <span class='ocrx_word' id='word_1_175' title='bbox 1190 2256 1486 2307; x_wconf 89' lang='lat' dir='ltr'>mandando</span> <span class='ocrx_word' id='word_1_176' title='bbox 1544 2258 1945 2322; x_wconf 88' lang='lat' dir='ltr'>summonuisse,</span> 
     </span>
     <span class='ocr_line' id='line_1_25' title="bbox 217 2337 1948 2409; baseline 0 -18"><span class='ocrx_word' id='word_1_177' title='bbox 217 2340 467 2409; x_wconf 87' lang='lat' dir='ltr'>quatinus</span> <span class='ocrx_word' id='word_1_178' title='bbox 507 2340 820 2392; x_wconf 87' lang='lat' dir='ltr'>Cicestriam</span> <span class='ocrx_word' id='word_1_179' title='bbox 864 2339 1146 2390; x_wconf 90' lang='lat' dir='ltr'>Dominica</span> <span class='ocrx_word' id='word_1_180' title='bbox 1185 2357 1307 2406; x_wconf 83' lang='lat' dir='ltr'>quae</span> <span class='ocrx_word' id='word_1_181' title='bbox 1344 2345 1423 2388; x_wconf 91' lang='lat' dir='ltr'>est</span> <span class='ocrx_word' id='word_1_182' title='bbox 1461 2341 1495 2365; x_wconf 90' lang='lat'><strong>“</strong></span> <span class='ocrx_word' id='word_1_183' title='bbox 1516 2337 1709 2389; x_wconf 90' lang='lat' dir='ltr'>Letare</span> <span class='ocrx_word' id='word_1_184' title='bbox 1734 2339 1769 2389; x_wconf 86' lang='lat' dir='ltr'><strong>J</strong></span> <span class='ocrx_word' id='word_1_185' title='bbox 1771 2359 1948 2391; x_wconf 89' lang='lat' dir='ltr'>erusa-</span> 
     </span>
    </p>
   </div>
   <div class='ocr_carea' id='block_1_7' title="bbox 214 2421 1945 2490">
    <p class='ocr_par' dir='ltr' id='par_1_8' title="bbox 214 2421 1945 2490">
     <span class='ocr_line' id='line_1_26' title="bbox 214 2421 1945 2490; baseline -0.001 -12"><span class='ocrx_word' id='word_1_186' title='bbox 214 2426 351 2478; x_wconf 92' lang='lat' dir='ltr'>lem”</span> <span class='ocrx_word' id='word_1_187' title='bbox 401 2424 720 2486; x_wconf 91' lang='lat' dir='ltr'>conveniret,</span> <span class='ocrx_word' id='word_1_188' title='bbox 759 2422 836 2473; x_wconf 92' lang='lat' dir='ltr'>ibi</span> <span class='ocrx_word' id='word_1_189' title='bbox 885 2422 1165 2473; x_wconf 90' lang='lat' dir='ltr'>auditurus</span> <span class='ocrx_word' id='word_1_190' title='bbox 1211 2429 1479 2490; x_wconf 88' lang='lat' dir='ltr'>praecepta</span> <span class='ocrx_word' id='word_1_191' title='bbox 1526 2421 1695 2490; x_wconf 91' lang='lat' dir='ltr'>ipsius</span> <span class='ocrx_word' id='word_1_192' title='bbox 1745 2424 1945 2476; x_wconf 88' lang='lat' dir='ltr'>domini</span> 
     </span>
    </p>
   </div>
   <div class='ocr_carea' id='block_1_8' title="bbox 157 2503 1942 2579">
    <p class='ocr_par' dir='ltr' id='par_1_9' title="bbox 157 2503 1942 2579">
     <span class='ocr_line' id='line_1_27' title="bbox 157 2503 1942 2579; baseline -0.003 -18"><span class='ocrx_word' id='word_1_193' title='bbox 157 2503 164 2508; x_wconf 39' lang='lat'>⁵</span> <span class='ocrx_word' id='word_1_194' title='bbox 215 2529 387 2579; x_wconf 87' lang='lat' dir='ltr'>papae,</span> <span class='ocrx_word' id='word_1_195' title='bbox 415 2509 594 2575; x_wconf 88' lang='lat' dir='ltr'>sicque</span> <span class='ocrx_word' id='word_1_196' title='bbox 623 2507 989 2558; x_wconf 89' lang='lat' dir='ltr'>discesserunt.</span> <span class='ocrx_word' id='word_1_197' title='bbox 1067 2505 1249 2557; x_wconf 92' lang='lat' dir='ltr'>Abbas</span> <span class='ocrx_word' id='word_1_198' title='bbox 1268 2524 1390 2556; x_wconf 88' lang='lat' dir='ltr'>vero</span> <span class='ocrx_word' id='word_1_199' title='bbox 1417 2513 1479 2555; x_wconf 92' lang='lat' dir='ltr'>ut</span> <span class='ocrx_word' id='word_1_200' title='bbox 1504 2523 1710 2574; x_wconf 91' lang='lat' dir='ltr'>semper</span> <span class='ocrx_word' id='word_1_201' title='bbox 1736 2506 1798 2557; x_wconf 91' lang='lat' dir='ltr'>de</span> <span class='ocrx_word' id='word_1_202' title='bbox 1817 2506 1942 2571; x_wconf 91' lang='lat' dir='ltr'>Dei,</span> 
     </span>
    </p>
   </div>
   <div class='ocr_carea' id='block_1_9' title="bbox 215 2588 2182 3663">
    <p class='ocr_par' dir='ltr' id='par_1_10' title="bbox 215 2588 1947 3230">
     <span class='ocr_line' id='line_1_28' title="bbox 215 2588 1946 2658; baseline -0.002 -14"><span class='ocrx_word' id='word_1_203' title='bbox 215 2601 271 2644; x_wconf 91' lang='lat' dir='ltr'>et</span> <span class='ocrx_word' id='word_1_204' title='bbox 307 2594 479 2644; x_wconf 90' lang='lat' dir='ltr'>beatae</span> <span class='ocrx_word' id='word_1_205' title='bbox 504 2591 696 2642; x_wconf 85' lang='lat' dir='ltr'>Mariae</span> <span class='ocrx_word' id='word_1_206' title='bbox 720 2590 956 2658; x_wconf 86' lang='lat' dir='ltr'>virginis,</span> <span class='ocrx_word' id='word_1_207' title='bbox 983 2609 1188 2641; x_wconf 90' lang='lat' dir='ltr'>necnon</span> <span class='ocrx_word' id='word_1_208' title='bbox 1225 2598 1280 2640; x_wconf 92' lang='lat' dir='ltr'>et</span> <span class='ocrx_word' id='word_1_209' title='bbox 1303 2588 1448 2639; x_wconf 90' lang='lat' dir='ltr'>beati</span> <span class='ocrx_word' id='word_1_210' title='bbox 1474 2588 1698 2639; x_wconf 90' lang='lat' dir='ltr'>Martini</span> <span class='ocrx_word' id='word_1_211' title='bbox 1741 2590 1946 2641; x_wconf 89' lang='lat' dir='ltr'>confes-</span> 
     </span>
     <span class='ocr_line' id='line_1_29' title="bbox 216 2671 1944 2740; baseline 0 -15"><span class='ocrx_word' id='word_1_212' title='bbox 216 2675 346 2725; x_wconf 89' lang='lat' dir='ltr'>soris</span> <span class='ocrx_word' id='word_1_213' title='bbox 369 2673 568 2726; x_wconf 87' lang='lat' dir='ltr'>Christi</span> <span class='ocrx_word' id='word_1_214' title='bbox 592 2675 818 2726; x_wconf 90' lang='lat' dir='ltr'>confisus</span> <span class='ocrx_word' id='word_1_215' title='bbox 843 2674 1064 2735; x_wconf 87' lang='lat' dir='ltr'>auxilio,</span> <span class='ocrx_word' id='word_1_216' title='bbox 1089 2691 1209 2723; x_wconf 92' lang='lat' dir='ltr'>cum</span> <span class='ocrx_word' id='word_1_217' title='bbox 1228 2671 1620 2740; x_wconf 89' lang='lat' dir='ltr'>archiepiscopo</span> <span class='ocrx_word' id='word_1_218' title='bbox 1643 2671 1944 2725; x_wconf 86' lang='lat' dir='ltr'>Cantuariae</span> 
     </span>
     <span class='ocr_line' id='line_1_30' title="bbox 217 2756 1942 2827; baseline 0 -18"><span class='ocrx_word' id='word_1_219' title='bbox 217 2766 273 2810; x_wconf 88' lang='lat' dir='ltr'>et</span> <span class='ocrx_word' id='word_1_220' title='bbox 322 2759 639 2827; x_wconf 89' lang='lat' dir='ltr'>quibusdam</span> <span class='ocrx_word' id='word_1_221' title='bbox 682 2757 867 2810; x_wconf 90' lang='lat' dir='ltr'>secreti</span> <span class='ocrx_word' id='word_1_222' title='bbox 909 2759 991 2808; x_wconf 91' lang='lat' dir='ltr'>sui</span> <span class='ocrx_word' id='word_1_223' title='bbox 1032 2756 1252 2808; x_wconf 91' lang='lat' dir='ltr'>consciis</span> <span class='ocrx_word' id='word_1_224' title='bbox 1279 2756 1497 2807; x_wconf 91' lang='lat' dir='ltr'>consilio</span> <span class='ocrx_word' id='word_1_225' title='bbox 1538 2757 1942 2821; x_wconf 91' lang='lat' dir='ltr'>communicato,</span> 
     </span>
     <span class='ocr_line' id='line_1_31' title="bbox 218 2839 1946 2908; baseline 0 -15"><span class='ocrx_word' id='word_1_226' title='bbox 218 2842 302 2893; x_wconf 91' lang='lat' dir='ltr'>die</span> <span class='ocrx_word' id='word_1_227' title='bbox 341 2850 539 2894; x_wconf 91' lang='lat' dir='ltr'>statuta</span> <span class='ocrx_word' id='word_1_228' title='bbox 563 2842 871 2894; x_wconf 90' lang='lat' dir='ltr'>Cicestriam</span> <span class='ocrx_word' id='word_1_229' title='bbox 909 2841 1073 2893; x_wconf 87' lang='lat' dir='ltr'>venit.</span> <span class='ocrx_word' id='word_1_230' title='bbox 1154 2840 1472 2907; x_wconf 89' lang='lat' dir='ltr'>Intransque</span> <span class='ocrx_word' id='word_1_231' title='bbox 1513 2839 1808 2908; x_wconf 87' lang='lat' dir='ltr'>capitulum</span> <span class='ocrx_word' id='word_1_232' title='bbox 1849 2843 1946 2893; x_wconf 88' lang='lat' dir='ltr'>ubi</span> 
     </span>
     <span class='ocr_line' id='line_1_32' title="bbox 218 2923 1946 2994; baseline 0 -18"><span class='ocrx_word' id='word_1_233' title='bbox 218 2944 397 2977; x_wconf 92' lang='lat' dir='ltr'>omnes</span> <span class='ocrx_word' id='word_1_234' title='bbox 442 2926 745 2994; x_wconf 84' lang='lat' dir='ltr'>congregati</span> <span class='ocrx_word' id='word_1_235' title='bbox 770 2925 1001 2988; x_wconf 85' lang='lat' dir='ltr'>fuerant,</span> <span class='ocrx_word' id='word_1_236' title='bbox 1030 2924 1428 2992; x_wconf 86' lang='lat' dir='ltr'>assurgentibus</span> <span class='ocrx_word' id='word_1_237' title='bbox 1455 2923 1556 2974; x_wconf 90' lang='lat' dir='ltr'>sibi</span> <span class='ocrx_word' id='word_1_238' title='bbox 1597 2924 1842 2974; x_wconf 88' lang='lat' dir='ltr'>omnibus</span> <span class='ocrx_word' id='word_1_239' title='bbox 1891 2934 1946 2976; x_wconf 90' lang='lat' dir='ltr'>et</span> 
     </span>
     <span class='ocr_line' id='line_1_33' title="bbox 216 3007 1946 3074; baseline -0.001 -14"><span class='ocrx_word' id='word_1_240' title='bbox 216 3009 273 3061; x_wconf 92' lang='lat' dir='ltr'>in</span> <span class='ocrx_word' id='word_1_241' title='bbox 298 3010 420 3061; x_wconf 93' lang='lat' dir='ltr'>sede</span> <span class='ocrx_word' id='word_1_242' title='bbox 444 3010 732 3061; x_wconf 89' lang='lat' dir='ltr'>honorifice</span> <span class='ocrx_word' id='word_1_243' title='bbox 759 3009 1158 3071; x_wconf 86' lang='lat' dir='ltr'>collocantibus,</span> <span class='ocrx_word' id='word_1_244' title='bbox 1185 3007 1541 3059; x_wconf 87' lang='lat' dir='ltr'>residentibus</span> <span class='ocrx_word' id='word_1_245' title='bbox 1569 3025 1782 3074; x_wconf 88' lang='lat' dir='ltr'>quoque</span> <span class='ocrx_word' id='word_1_246' title='bbox 1810 3007 1946 3059; x_wconf 88' lang='lat' dir='ltr'>circa</span> 
     </span>
     <span class='ocr_line' id='line_1_34' title="bbox 218 3080 1947 3164; baseline -0.002 -18"><span class='ocrx_word' id='word_1_247' title='bbox 218 3113 272 3146; x_wconf 83' lang='lat' dir='ltr'>se</span> <span class='ocrx_word' id='word_1_248' title='bbox 327 3094 584 3146; x_wconf 87' lang='lat' dir='ltr'>universis</span> <span class='ocrx_word' id='word_1_249' title='bbox 639 3102 800 3164; x_wconf 87' lang='lat' dir='ltr'>atque</span> <span class='ocrx_word' id='word_1_250' title='bbox 855 3093 1220 3155; x_wconf 90' lang='lat' dir='ltr'>reticentibus,</span> <span class='ocrx_word' id='word_1_251' title='bbox 1274 3091 1346 3142; x_wconf 90' lang='lat' dir='ltr'>sic</span> <span class='ocrx_word' id='word_1_252' title='bbox 1383 3080 1615 3141; x_wconf 34' lang='lat' dir='ltr'>‘demum</span> <span class='ocrx_word' id='word_1_253' title='bbox 1654 3091 1812 3141; x_wconf 86' lang='lat' dir='ltr'>abbas</span> <span class='ocrx_word' id='word_1_254' title='bbox 1857 3110 1947 3143; x_wconf 88' lang='lat' dir='ltr'>ora</span> 
     </span>
     <span class='ocr_line' id='line_1_35' title="bbox 218 3178 450 3230; baseline -0.005 0"><span class='ocrx_word' id='word_1_255' title='bbox 218 3178 450 3230; x_wconf 88' lang='lat' dir='ltr'>resolvit.</span> 
     </span>
    </p>

    <p class='ocr_par' dir='ltr' id='par_1_11' title="bbox 218 3256 2168 3663">
     <span class='ocr_line' id='line_1_36' title="bbox 291 3256 2165 3330; baseline 0 -18"><span class='ocrx_word' id='word_1_256' title='bbox 291 3265 325 3290; x_wconf 89' lang='lat'><strong>“</strong></span> <span class='ocrx_word' id='word_1_257' title='bbox 347 3262 552 3330; x_wconf 89' lang='lat' dir='ltr'>Nuper,</span> <span class='ocrx_word' id='word_1_258' title='bbox 582 3261 781 3312; x_wconf 92' lang='lat' dir='ltr'>domini</span> <span class='ocrx_word' id='word_1_259' title='bbox 808 3269 863 3312; x_wconf 91' lang='lat' dir='ltr'>et</span> <span class='ocrx_word' id='word_1_260' title='bbox 887 3260 1094 3323; x_wconf 85' lang='lat' dir='ltr'>fratres,</span> <span class='ocrx_word' id='word_1_261' title='bbox 1141 3260 1355 3327; x_wconf 90' lang='lat' dir='ltr'>quidam</span> <span class='ocrx_word' id='word_1_262' title='bbox 1396 3276 1465 3309; x_wconf 88' lang='lat' dir='ltr'>ex</span> <span class='ocrx_word' id='word_1_263' title='bbox 1505 3256 1690 3308; x_wconf 89' lang='lat' dir='ltr'>vestris</span> <span class='ocrx_word' id='word_1_264' title='bbox 1733 3257 1799 3308; x_wconf 92' lang='lat' dir='ltr'>ad</span> <span class='ocrx_word' id='word_1_265' title='bbox 1849 3277 1945 3310; x_wconf 94' lang='lat' dir='ltr'>nos</span> <span class='ocrx_word' id='word_1_266' title='bbox 1966 3279 2029 3311; x_wconf 83' lang='lat' dir='ltr'>Hls</span> <span class='ocrx_word' id='word_1_267' title='bbox 2044 3281 2165 3321; x_wconf 81' lang='lat' dir='ltr'>speech</span> 
     </span>
     <span class='ocr_line' id='line_1_37' title="bbox 218 3322 2182 3412; baseline -0.002 -16"><span class='ocrx_word' id='word_1_268' title='bbox 218 3346 487 3396; x_wconf 86' lang='lat' dir='ltr'>venientes</span> <span class='ocrx_word' id='word_1_269' title='bbox 524 3345 729 3396; x_wconf 90' lang='lat' dir='ltr'>litteras</span> <span class='ocrx_word' id='word_1_270' title='bbox 771 3344 970 3394; x_wconf 92' lang='lat' dir='ltr'>domini</span> <span class='ocrx_word' id='word_1_271' title='bbox 1016 3363 1169 3412; x_wconf 88' lang='lat' dir='ltr'>papae</span> <span class='ocrx_word' id='word_1_272' title='bbox 1213 3343 1364 3393; x_wconf 91' lang='lat' dir='ltr'>nobis</span> <span class='ocrx_word' id='word_1_273' title='bbox 1403 3340 1774 3409; x_wconf 82' lang='lat' dir='ltr'>praetulerunt,</span> <span class='ocrx_word' id='word_1_274' title='bbox 1803 3360 1945 3394; x_wconf 86' lang='lat' dir='ltr'>sum·</span> <span class='ocrx_word' id='word_1_275' title='bbox 1965 3322 2182 3362; x_wconf 59' lang='lat' dir='ltr'><strong>“tentenng</strong></span> 
     </span>
     <span class='ocr_line' id='line_1_38' title="bbox 220 3424 1946 3495; baseline -0.001 -16"><span class='ocrx_word' id='word_1_276' title='bbox 220 3436 492 3479; x_wconf 92' lang='lat' dir='ltr'>monentes</span> <span class='ocrx_word' id='word_1_277' title='bbox 519 3429 678 3479; x_wconf 88' lang='lat' dir='ltr'>etiam</span> <span class='ocrx_word' id='word_1_278' title='bbox 704 3446 774 3478; x_wconf 86' lang='lat' dir='ltr'>ex</span> <span class='ocrx_word' id='word_1_279' title='bbox 800 3427 967 3495; x_wconf 91' lang='lat' dir='ltr'>ipsius</span> <span class='ocrx_word' id='word_1_280' title='bbox 994 3427 1193 3477; x_wconf 92' lang='lat' dir='ltr'>domini</span> <span class='ocrx_word' id='word_1_281' title='bbox 1219 3444 1371 3494; x_wconf 86' lang='lat' dir='ltr'>papae</span> <span class='ocrx_word' id='word_1_282' title='bbox 1417 3424 1730 3475; x_wconf 89' lang='lat' dir='ltr'>auctoritate</span> <span class='ocrx_word' id='word_1_283' title='bbox 1771 3426 1946 3492; x_wconf 89' lang='lat' dir='ltr'>quati-</span> 
     </span>
     <span class='ocr_line' id='line_1_39' title="bbox 219 3508 1946 3579; baseline -0.001 -18"><span class='ocrx_word' id='word_1_284' title='bbox 219 3528 319 3562; x_wconf 92' lang='lat' dir='ltr'>nus</span> <span class='ocrx_word' id='word_1_285' title='bbox 343 3511 448 3562; x_wconf 94' lang='lat' dir='ltr'>huc</span> <span class='ocrx_word' id='word_1_286' title='bbox 471 3511 568 3562; x_wconf 92' lang='lat' dir='ltr'>hac</span> <span class='ocrx_word' id='word_1_287' title='bbox 595 3510 680 3562; x_wconf 91' lang='lat' dir='ltr'>die</span> <span class='ocrx_word' id='word_1_288' title='bbox 718 3510 969 3579; x_wconf 78' lang='lat' dir='ltr'>praesenti</span> <span class='ocrx_word' id='word_1_289' title='bbox 1010 3509 1423 3571; x_wconf 81' lang='lat' dir='ltr'>conveniremuS,</span> <span class='ocrx_word' id='word_1_290' title='bbox 1465 3508 1703 3576; x_wconf 88' lang='lat' dir='ltr'>ejusdem</span> <span class='ocrx_word' id='word_1_291' title='bbox 1731 3527 1946 3560; x_wconf 89' lang='lat' dir='ltr'>venera-</span> 
     </span>
     <span class='ocr_line' id='line_1_40' title="bbox 219 3592 1947 3663; baseline -0.001 -17"><span class='ocrx_word' id='word_1_292' title='bbox 219 3593 342 3646; x_wconf 86' lang='lat' dir='ltr'>bilis</span> <span class='ocrx_word' id='word_1_293' title='bbox 367 3594 566 3646; x_wconf 92' lang='lat' dir='ltr'>domini</span> <span class='ocrx_word' id='word_1_294' title='bbox 591 3593 823 3646; x_wconf 88' lang='lat' dir='ltr'>audituri</span> <span class='ocrx_word' id='word_1_295' title='bbox 848 3601 1130 3663; x_wconf 88' lang='lat' dir='ltr'>praecepta.</span> <span class='ocrx_word' id='word_1_296' title='bbox 1210 3593 1468 3644; x_wconf 88' lang='lat' dir='ltr'>Assumus</span> <span class='ocrx_word' id='word_1_297' title='bbox 1495 3592 1561 3643; x_wconf 92' lang='lat' dir='ltr'>ob</span> <span class='ocrx_word' id='word_1_298' title='bbox 1599 3593 1947 3644; x_wconf 87' lang='lat' dir='ltr'>reverentiam</span> 
     </span>
    </p>
   </div>
  </div>
 </body>
</html>
