2398 4152
504 472 574 523 82
609 497 611 500 ¹
1009 474 1291 517 HISTORIA
1334 471 1742 516 FUNDATIONIS

507 603 762 676 procedat
785 603 842 654 in
865 600 1163 671 publicum,
1192 599 1349 662 dicat,
1378 598 1580 662 audiat,
1607 597 1791 666 sicque
1816 614 1900 649 res
1927 595 2073 648 omni
2099 592 2265 646 dubio

509 697 732 750 remoto,
758 686 987 739 limitem
1012 683 1253 737 veritatis
1279 681 1563 751 attingat.”
1600 751 1603 753 μ

585 773 755 825 Nullo
787 771 956 841 igitur
981 788 1053 821 ex
1089 768 1461 821 assistentibus
1485 767 1749 818 rationem
1785 774 1969 819 contra
1991 764 2268 827 reddente,

512 860 604 912 sed
647 857 896 910 omnibus
934 855 1094 908 simul
1128 853 1559 916 reclamantibUS,
1591 853 1755 905 abbas
1790 850 2086 904 orationem
2122 866 2274 900 suam

511 942 873 1016 prosequitur.
950 944 985 969 “
1001 939 1285 992 Scedulam
1321 957 1483 1007 quam
1515 937 1667 990 vobis
1691 935 2122 1007 perscribendam
2154 932 2272 985 exi-

514 1030 642 1101 gitis
680 1046 859 1098 neque
908 1025 1111 1078 domini
1153 1041 1309 1095 papae
1350 1023 1547 1077 litteris
1594 1023 1696 1075 hoc
1739 1021 1896 1074 nobis
1936 1020 2276 1089 designatum

517 1122 743 1177 constat,
781 1131 881 1164 nec
922 1111 1061 1164 ratio
1104 1110 1261 1162 nobis
1303 1109 1484 1179 aliqua
1522 1117 1587 1161 ut
1629 1108 1990 1178 perscribatur
2023 1102 2272 1157 occurrit.

520 1199 668 1256 Quia
690 1217 816 1253 vero
839 1196 1048 1249 ratione
1083 1195 1318 1247 dictante
1346 1213 1585 1264 paceque
1623 1193 1925 1246 dilectionis
1947 1198 2139 1243 vestrae
2165 1206 2278 1241 om-

518 1286 610 1338 nia
643 1283 888 1336 concludi
911 1282 1121 1344 vellem,
1151 1299 1282 1350 rogo
1324 1280 1578 1350 quatinus
1611 1278 1843 1332 induciae
1882 1277 2038 1330 nobis
2063 1276 2279 1337 dentur,

520 1389 630 1440 quo
656 1368 933 1421 dominum
957 1373 1202 1418 nostrum
1236 1384 1416 1434 regem
1442 1365 1500 1417 in
1533 1363 1897 1417 transmarinis
1923 1360 2278 1414 constitutum

519 1454 807 1526 partibUS‚¹
833 1452 987 1522 cujus
1021 1450 1223 1521 capella
1255 1449 1522 1502 dominica
1546 1457 1601 1501 et
1635 1449 1846 1519 signum
1872 1463 2081 1500 coronae
2114 1443 2279 1514 regiae

522 1538 745 1591 ecclesia
779 1544 962 1588 nostra
1003 1554 1116 1588 esse
1156 1535 1468 1598 dinoscitur,
1495 1534 1641 1587 adire
1678 1533 1961 1603 possimuS,
2001 1532 2117 1602 ejus
2141 1548 2281 1601 prae-

523 1631 744 1694 ceptum
791 1640 951 1692 super
975 1621 1077 1673 hoc
1110 1620 1366 1684 audituri,
1403 1619 1671 1689 simulque
1707 1619 1928 1671 consilio
1961 1617 2131 1688 ipsius
2166 1614 2281 1686 epi-

527 1709 677 1779 scopi
703 1706 905 1760 Hilarii
931 1706 1018 1758 cui
1050 1705 1299 1758 dominus
1323 1724 1461 1774 papa
1498 1724 1609 1756 non
1632 1703 1784 1757 vobis
1810 1712 1874 1756 ut
1913 1703 2151 1755 debitam
2190 1720 2286 1753 ex-

524 1795 806 1847 hibeamus
832 1792 1194 1845 obedientiam
1229 1791 1506 1861 praecepit,
1538 1790 1622 1841 uti
1656 1790 1831 1853 liceat,
1867 1797 1932 1841 ut
1956 1787 2134 1840 omnia
2158 1805 2286 1840 sano

527 1879 750 1932 consilio
774 1877 1157 1947 compleantur.
1234 1876 1432 1945 Neque
1459 1875 1602 1927 enim
1628 1894 1690 1927 ea
1718 1894 1842 1944 quae
1867 1874 2019 1927 vobis
2041 1881 2096 1926 et
2121 1872 2288 1926 eccle-

529 1965 623 2017 siae
658 1963 784 2015 huic
819 1982 851 2014 a
872 1961 1028 2014 nobis
1062 1960 1294 2031 persolvi
1334 1961 1598 2013 debentur
1627 1960 1958 2029 pessumdari
1984 1959 2161 2029 cupio,
2189 1976 2288 2009 nec

529 2057 766 2101 nostram
792 2066 863 2099 ex
886 2046 1057 2099 libera
1080 2045 1326 2098 ancillam
1352 2045 1491 2098 effici
1515 2053 1776 2115 praeoptO.
1832 2044 2101 2096 Dominus
2126 2042 2289 2095 etiam

529 2153 631 2186 rex
664 2152 733 2185 ne
773 2151 934 2202 super
969 2131 1054 2184 his
1091 2131 1294 2201 absque
1335 2132 1574 2201 ejusdem
1608 2130 1955 2201 permissione
2001 2129 2289 2199 quicquam

531 2238 667 2271 ausu
691 2217 972 2270 temerario
997 2217 1214 2286 aggredi
1241 2223 1624 2286 temptaremus
1650 2216 1935 2285 prohibere
1963 2213 2218 2267 curavit.”

608 2303 875 2355 Omnibus
911 2301 1080 2371 igitur
1112 2301 1354 2353 inducias
1397 2301 1520 2352 dare
1552 2300 1932 2365 abnuentibUS,
1969 2300 2292 2370 quibusdam

533 2406 659 2440 vero
709 2386 1066 2439 asserentibus
1116 2385 1394 2438 dominum
1441 2404 1623 2454 regem
1669 2385 1922 2455 quatinus
1961 2385 2182 2437 ecclesia
2227 2387 2292 2438 de

535 2471 691 2524 Bello
720 2470 1040 2523 Cicestrensi
1065 2469 1304 2522 ecclesiae
1323 2471 1415 2540 jus
1442 2470 1685 2522 debitum
1718 2470 2043 2540 persolveret
2066 2471 2174 2523 illis
2199 2490 2294 2524 au-

536 2556 809 2609 dientibus
845 2554 1184 2626 praecepisse,
1224 2563 1280 2607 et
1315 2555 1507 2607 iccirco
1540 2556 1781 2607 inducias
1813 2557 1935 2608 dare
1960 2556 2179 2609 minime
2207 2557 2297 2609 de-

534 2643 681 2705 bere,
727 2660 812 2693 res
850 2640 1055 2693 diutius
1092 2647 1363 2709 protracta
1403 2641 1510 2692 fine
1553 2640 1719 2711 potiri
1754 2641 2018 2710 nequivit.
2107 2641 2295 2695 Abbas

535 2746 659 2780 vero
684 2727 741 2779 in
766 2726 868 2778 hoc
895 2734 959 2778 ut
991 2725 1095 2777 sibi
1129 2725 1369 2777 inducias
1405 2726 1593 2777 darent
1629 2745 1737 2795 quo
1771 2745 1951 2796 regem
1977 2745 2139 2796 super
2161 2727 2299 2781 illud

538 2811 845 2864 conveniret
868 2809 1124 2879 perstitit,
1138 2809 1407 2879 simulque
1426 2812 1874 2863 commemorabat
1900 2830 1954 2862 se
1982 2811 2047 2863 de
2072 2811 2158 2864 his
2181 2812 2301 2864 abs-

539 2914 645 2965 que
684 2895 904 2947 consilio
949 2902 1005 2946 et
1044 2893 1263 2946 licentia
1301 2893 1528 2945 fratrum
1566 2913 1784 2946 suorum
1817 2895 2197 2950 monachorum
2234 2898 2298 2950 de

540 2980 696 3033 Bello
723 2981 1013 3049 quicquam
1037 2978 1257 3030 minime
1283 2985 1528 3030 acturum
1553 2978 1686 3031 fore.
1758 2979 1990 3033 Dicebat
2005 2982 2166 3046 enim,
2196 2985 2300 3034 “se

543 3065 823 3118 mortalem
848 3083 961 3117 esse
988 3073 1043 3117 et
1081 3064 1423 3127 moriturum,
1466 3064 1745 3117 ecclesiam
1788 3084 1913 3117 vero
1948 3067 2014 3119 de
2041 3066 2201 3119 Bello
2240 3084 2296 3118 se

542 3152 799 3203 defuncto
834 3169 1251 3221 permansuram,
1291 3149 1522 3218 ideoque
1560 3150 1762 3220 absque
1802 3152 2041 3220 ejusdem
2078 3151 2301 3204 consilio

543 3245 600 3289 et
621 3236 841 3288 licentia
864 3254 920 3288 se
942 3235 1022 3287 nil
1045 3243 1309 3300 acturum,
1336 3234 1579 3287 inducias
1618 3235 1731 3287 dari
1756 3235 1870 3287 fore
1896 3236 2302 3290 necessarium.”

617 3321 735 3373 Illis
773 3330 954 3373 autem
1000 3320 1186 3373 multis
1234 3320 1406 3372 modis
1450 3320 1956 3385 contradicentibUS,
2006 3322 2302 3392 multisque

545 3406 824 3459 sententiis
848 3406 948 3458 hoc
975 3405 1137 3457 etiam
1163 3405 1603 3476 dijudicantibUS,
1631 3406 1823 3458 abbate
1847 3406 1905 3458 in
1930 3406 2198 3459 sententia
2221 3407 2305 3458 in-

547 3491 823 3543 duciarum
851 3492 1144 3544 dandarum
1173 3491 1511 3562 persistente,
1548 3491 1778 3544 decanus
1811 3492 2026 3545 silentio
2052 3492 2304 3564 imposito

610 3608 624 3634 ¹
657 3608 863 3665 Engaged
893 3617 936 3651 at
971 3610 1139 3653 Chinon
1181 3611 1348 3667 against
1368 3609 1438 3654 his
1468 3609 1641 3654 brother
1662 3609 1878 3667 Geoffrey,
1914 3609 2045 3653 about
2075 3609 2163 3654 this
2190 3608 2310 3653 time.

554 3666 635 3708 See
653 3666 816 3722 Trivet‚
833 3682 876 3724 p.
901 3670 971 3711 33.
