2398 4152
431 446 502 508 ’72'
939 458 1221 500 HISTORIA
1259 453 1669 498 FUNDATIONIS

429 590 541 651 bat,
579 583 832 655 quatinus
874 583 1194 636 sententiam
1236 600 1398 651 quam
1437 596 1598 649 super
1638 574 1885 631 abbatem
1917 578 2187 648 posuerat,

429 672 714 733 relaxaret,
767 670 934 720 donec
993 667 1050 718 in
1110 684 1280 718 unum
1331 664 1692 717 convenirent.
1769 662 2015 716 Antistes
2062 681 2189 714 vero

434 755 707 809 Cicestriae
735 753 939 805 domini
980 751 1064 805 sui
1102 750 1266 820 legati
1309 767 1548 801 annuens
1569 749 1836 824 voluntati
1870 747 2188 800 sententiam

429 839 708 892 relaxavit.

161 952 359 982 A.n.1154.
507 923 846 976 Adveniente
886 922 1069 991 itaque
1110 922 1326 975 domino
1364 931 1546 975 nostro
1573 919 1811 974 Henrico
1847 921 2000 982 duce,
2027 926 2190 988 atque

161 992 348 1071 gissei}
435 1010 578 1079 apud
641 1007 1184 1061 Westmonasterium
1248 1027 1387 1060 anno
1451 1005 1832 1059 incarnationis
1888 1003 2190 1056 Dominicae

163 1076 246 1107 Dec'
266 1078 317 1111 ¹⁹⁵
435 1095 640 1157 eodem,
667 1095 814 1146 xiiii⁰
837 1094 1091 1146 kalendas
1116 1093 1151 1144 J
1153 1094 1358 1145 anuarii
1383 1094 1440 1144 in
1463 1110 1644 1160 regem
1682 1090 1905 1153 elevato,
1947 1094 2003 1138 et
2039 1105 2070 1137 a
2102 1104 2194 1136 ve-

435 1180 666 1231 nerabili
709 1179 1021 1231 Teodbaldo
1058 1177 1430 1229 Cantuariensi
1480 1174 1877 1244 archiepiscopo
1921 1180 1978 1223 et
2025 1171 2196 1222 totius

438 1263 657 1332 Angliae
694 1265 923 1334 primate
966 1281 1176 1314 necnon
1210 1270 1266 1313 et
1290 1261 1598 1330 apostolicae
1625 1259 1765 1311 sedis
1789 1259 1967 1327 legato
1991 1257 2196 1309 ibidem

437 1357 707 1413 coronato,
744 1349 913 1400 totius
940 1346 1159 1414 Angliae
1185 1346 1510 1415 primoribus
1536 1346 1603 1396 ad
1629 1364 1753 1396 eum
1778 1341 2193 1404 confluentibus,

431 1433 576 1502 juste
622 1433 843 1484 consilio
884 1451 1070 1484 eorum
1110 1431 1289 1483 omnia
1333 1431 1666 1500 disponebat.
1744 1427 2001 1479 Ecclesiis
2031 1425 2195 1479 etiam

436 1517 795 1586 possessiones
831 1526 885 1569 et
910 1516 1197 1584 dignitates
1224 1516 1290 1566 ab
1317 1515 1740 1567 antecessoribus
1766 1513 1876 1564 suis
1902 1528 2209 1574 concessass

164 1638 239 1670 The
261 1636 377 1669 Abho,
440 1620 536 1653 sua
578 1602 896 1654 auctoritate
941 1601 1290 1653 confirmavit.
1367 1599 1444 1651 Et
1487 1600 1544 1650 in
1588 1597 1838 1668 sequenti
1883 1596 2197 1665 Quadrage-

164 1680 263 1721 gains
283 1679 377 1710 from

161 1722 220 1753 the
235 1730 309 1752 new
326 1720 421 1761 King
441 1687 574 1738 sima
613 1686 953 1755 congregavit
984 1686 1230 1754 generale
1270 1685 1555 1736 concilium
1580 1685 1724 1753 apud
1748 1682 2105 1747 Lundoniam,
2143 1688 2200 1732 et

162 1763 377 1836 ξξξζῗᾟζζ·
440 1772 714 1823 renovavit
737 1790 922 1841 pacem
949 1780 1004 1822 et
1028 1771 1173 1840 leges
1200 1779 1255 1822 et
1280 1769 1693 1822 consuetudines
1727 1788 1824 1838 per
1850 1767 2106 1836 Angliam
2131 1766 2199 1818 ab

161 1846 332 1924 ffiss‘g'gm
441 1856 678 1925 antiquis
711 1856 1043 1925 temporibus
1083 1856 1414 1908 constitutas.
1492 1855 1581 1907 Ibi
1608 1873 1824 1924 quoque
1858 1854 2106 1906 nonnulli
2129 1873 2202 1905 ex

442 1941 706 2011 episcopis
742 1950 796 1992 et
821 1942 1105 1992 abbatibus
1133 1949 1302 1992 cartas
1328 1949 1381 1991 et
1406 1939 1686 2009 privilegia
1712 1940 2053 1992 ecclesiarum
2079 1958 2200 1991 sua-

441 2044 562 2077 rum
586 2025 866 2095 praesentis
891 2026 1030 2094 regis
1058 2025 1256 2094 scripto
1285 2033 1340 2076 et
1366 2024 1542 2092 sigillo
1569 2024 2032 2078 confirmaverunt.
2110 2023 2201 2075 In-

443 2118 526 2161 ter
576 2130 709 2180 quos
757 2110 1048 2180 praedictus
1099 2110 1262 2162 abbas
1312 2109 1377 2161 de
1429 2109 1585 2161 Bello
1643 2110 1783 2179 regis
1833 2109 2101 2162 Willelmi
2145 2118 2203 2162 et

444 2195 669 2247 aliorum
695 2215 884 2262 regum
910 2196 1067 2247 cartis
1095 2204 1150 2247 et
1175 2195 1387 2264 scriptis
1412 2215 1509 2264 per
1526 2196 1767 2247 ordinem
1788 2195 2031 2258 ostensis,
2059 2195 2199 2247 utin

445 2279 643 2349 scripto
688 2288 743 2330 et
784 2279 960 2347 sigillo
1005 2281 1247 2350 ejusdem
1280 2279 1540 2349 principis
1584 2280 2024 2333 confirmarentur
2059 2281 2200 2332 obti-

444 2363 607 2414 nuit.¹
684 2363 850 2418 Quod
875 2364 1156 2434 episcopus
1182 2364 1528 2417 Cicestrensis
1555 2385 1676 2417 cum
1702 2366 2008 2435 accepisset,
2036 2367 2201 2419 citato

443 2448 614 2515 gradu
633 2448 1092 2518 archiepiscopum
1118 2450 1268 2513 adiit,
1297 2451 1454 2519 eique
1481 2451 1730 2502 abbatem
1758 2451 1822 2502 de
1850 2451 2005 2503 Bello
2033 2460 2201 2503 cartas

444 2540 629 2583 contra
655 2533 944 2602 dignitates
963 2534 1361 2586 Cantuariensis
1381 2535 1618 2588 ecclesiae
1645 2544 1700 2587 et
1725 2553 1836 2588 suae
1858 2536 2020 2588 etiam
2039 2537 2205 2588 eccle-

446 2618 540 2668 siae
571 2618 845 2670 Cicestriae
891 2619 1095 2671 scilicet
1134 2621 1450 2689 possedisse,
1493 2629 1547 2672 et
1586 2631 1649 2673 ut
1674 2621 1731 2672 in
1755 2622 2036 2692 praesentis
2061 2622 2204 2690 regis

447 2702 620 2769 sigillo
642 2703 1082 2756 confirmarentur
1100 2706 1395 2757 obtinuisse
1422 2706 1707 2759 intimavit.
1786 2707 2078 2760 Obsecrare
2104 2708 2206 2777 igi-

448 2794 537 2836 tur
579 2794 642 2837 ut
679 2787 780 2839 hoc
831 2790 1099 2840 communi
1149 2790 1496 2857 prohiberent
1539 2791 1821 2855 sententia,
1862 2810 1929 2843 ne
1975 2791 2066 2843 alii
2108 2811 2206 2862 per

449 2869 705 2939 Angliam
749 2873 970 2924 abbates
1017 2874 1169 2942 quasi
1211 2875 1481 2943 quoddam
1520 2875 1862 2944 privilegium
1894 2877 1995 2928 hoc
2022 2885 2206 2929 contra

450 2955 727 3024 episcopos
754 2975 877 3008 suos
904 2958 1007 3009 sibi
1031 2958 1379 3021 vindicarent,
1423 2959 1467 3009 si
1491 2960 1783 3028 praedictus
1824 2962 1987 3013 abbas
2023 2970 2205 3014 contra

175 3057 368 3089 butthisis
451 3039 569 3091 illos
608 3043 950 3110 praevaluisse
991 3043 1281 3095 videretur.
1369 3041 1474 3095 His
1517 3044 1947 3115 archiepiscopus
1985 3047 2202 3111 auditiS,

177 3100 373 3131 afterwards

175 3142 427 3216 ssffenrffifiiati'gn
448 3124 784 3195 nimiumque
819 3128 1068 3180 credulus
1113 3130 1350 3192 effectus,
1396 3130 1678 3198 sponsione
1718 3130 1997 3183 affirmavit
2022 3132 2207 3184 certis-

176 3224 368 3298 ssffisssfi’gf,
450 3209 582 3261 sima
607 3230 661 3262 se
687 3230 965 3282 nunquam
989 3213 1073 3263 his
1098 3232 1255 3265 suum
1289 3215 1528 3283 praebere
1568 3234 1858 3279 assensum,
1889 3235 1996 3284 quo
2022 3217 2204 3286 aliquo

175 3275 268 3338 bani.
372 3285 385 3292 ⁸
448 3292 563 3344 haec
588 3313 686 3363 pro
712 3304 836 3347 voto
854 3297 1063 3348 abbatis
1079 3298 1184 3349 fine
1205 3298 1479 3349 terminari
1503 3299 1821 3368 potuissent.
1869 3299 2094 3352 Factum
2122 3311 2205 3354 est

448 3386 646 3443 autem,
690 3380 747 3430 in
774 3381 1063 3434 crastinum
1106 3402 1230 3451 rege
1277 3391 1332 3434 et
1366 3383 1860 3453 archiepiscopo'in
1884 3403 2054 3437 unum
2080 3406 2205 3439 con-

445 3462 804 3529 venientibus,
851 3467 1281 3538 archiepiscopus
1326 3488 1485 3538 super
1526 3469 1610 3520 his
1655 3488 1952 3520 sermonem
1995 3471 2200 3536 intulit,

502 3565 514 3589 ¹
548 3566 652 3608 This
699 3583 783 3632 yvas
826 3585 905 3612 one
938 3571 987 3613 of
1012 3571 1084 3613 the
1132 3586 1279 3615 means
1367 3572 1450 3615 and
1474 3579 1516 3615 to
1537 3573 1710 3616 weaken
1724 3573 1830 3616 such
1846 3589 1891 3616 as
1908 3574 1993 3617 had
2017 3573 2205 3634 opposed

442 3623 545 3665 used
568 3624 625 3681 by
648 3624 734 3667 tlus
756 3627 901 3682 prince
922 3630 1092 3671 ‘to-raise
1109 3645 1277 3687 money,
1365 3631 1455 3674 him
1479 3632 1522 3673 in
1545 3632 1617 3675 the
1638 3632 1834 3689 previous
1856 3632 1988 3689 reign.
