2398 4152
484 434 553 485 90
990 442 1272 484 HISTORIA
1309 441 1717 484 FUNDA'rIoNIs

479 578 658 633 matae,
699 569 756 621 in
795 568 1084 638 praesentia
1123 576 1299 620 vestra
1324 575 1391 633 §t
1428 567 1668 624 omnium
1702 566 1790 618 hic
1820 565 2096 619 vobiscum
2121 585 2247 619 con-

479 654 782 707 sistentium
824 654 1074 724 primitus
1113 653 1157 705 si
1208 653 1417 723 jubetis
1460 651 1796 705 audiantur.’'
1905 651 2060 703 Tunc
2101 651 2255 721 idem*

477 740 641 791 abbas
666 739 887 791 tradidit
920 747 1119 791 cartam
1156 739 1298 807 regis
1331 736 1599 789 Willelmi
1639 735 1820 805 magni
1859 735 2075 788 domino
2107 735 2244 804 regi,

471 825 767 894 jussusque
808 826 876 877 ab
915 825 1104 876 eodem
1131 824 1351 893 quidam
1377 841 1449 874 ex
1473 821 1678 874 clericis
1702 822 1760 873 in
1785 821 1978 873 auditu
2002 820 2243 873 omnium

474 909 723 979 perlegit.
801 909 928 964 Qua
949 909 1206 979 perlecta,
1247 907 1480 960 Thomas
1504 906 1644 976 regis
1670 905 2014 958 cancellarius
2038 905 2241 975 episco-

476 1014 610 1064 pum
649 993 1041 1046 Cicestrensem
1078 992 1368 1063 respiciens
1409 991 1583 1044 dixit:
1631 994 1666 1019 “
1687 990 1923 1042 Domine
1973 989 2241 1060 episcope,

476 1079 682 1131 audivit
706 1079 895 1131 caritas
918 1086 1096 1131 vestra
1121 1097 1247 1148 quae
1277 1077 1365 1129 hic
1392 1095 1570 1129 coram
1595 1075 1812 1128 domino
1836 1094 1960 1145 rege
1987 1074 2238 1127 omnibus

474 1162 818 1215 audientibus
859 1172 978 1215 acta
1019 1171 1162 1216 sunt.
1240 1161 1402 1213 Nunc
1441 1160 1627 1229 igitur,
1655 1159 1700 1212 si
1745 1159 1878 1228 quid
1913 1167 2099 1212 contra
2121 1159 2240 1212 haec

472 1255 665 1299 vestrae
689 1247 953 1317 placuerit
975 1247 1281 1318 prudentiae
1305 1247 1644 1315 respondere,
1663 1244 1873 1297 licitum
1892 1253 1989 1298 est.
2030 1244 2122 1297 Ad
2144 1263 2238 1297 vos

473 1333 637 1397 enim,
668 1340 732 1385 ut
756 1333 912 1385 nobis
928 1333 1156 1395 videtur,
1183 1331 1405 1402 respicit
1427 1330 1682 1402 parabola
1696 1329 1866 1383 haec.”
1943 1330 2098 1383 Tunc
2124 1329 2238 1400 epi-

472 1435 667 1487 scopus
694 1436 917 1486 surgens
942 1417 1020 1469 ita
1046 1436 1271 1470 exorsus
1297 1425 1395 1469 est.

202 1502 452 1579 fffhgfflffgffi'er
544 1506 579 1530 “
606 1502 734 1554 Non
760 1502 941 1554 studio
967 1521 1110 1567 sane,
1136 1510 1201 1554 ut
1222 1502 1519 1554 multorum
1556 1500 1720 1553 moris
1763 1519 1877 1553 esse
1920 1500 2235 1566 dinoscitur,

201 1587 394 1661 ξῖξίξῐξῗὴῑδ
468 1606 566 1656 per
592 1587 779 1639 orbem
803 1587 1048 1656 vagandi,
1077 1588 1172 1639 sed
1197 1605 1374 1639 amore
1402 1594 1457 1638 et
1479 1586 1683 1638 honore
1709 1585 1893 1651 vestri,
1922 1585 2134 1638 domine
2157 1586 2234 1637 mi

468 1691 586 1735 rex,
619 1671 996 1742 hujuscemodi
1033 1672 1234 1725 inscius
1273 1671 1646 1742 oppositioniS,
1667 1671 1725 1723 in
1760 1671 1845 1723 his
1881 1671 2036 1739 regni
2070 1670 2235 1724 vestri

467 1757 714 1827 partibus
758 1776 880 1810 cum
929 1757 1050 1809 aliis
1101 1757 1460 1828 praesentibus
1516 1756 1759 1810 conveni.
1866 1755 2134 1811 Quocirca
2188 1755 2233 1808 si

467 1842 639 1906 vobiS,
681 1850 737 1894 et
779 1842 982 1907 abbati,
1034 1842 1261 1912 aliisque
1296 1842 1385 1894 hic
1430 1842 1582 1895 vobis
1623 1860 1802 1894 coram
1839 1840 2048 1911 positiS,
2087 1840 2233 1894 dulci

468 1927 822 1996 complaceret
841 1928 1056 1991 affectU,
1079 1927 1223 1980 salvo
1243 1928 1368 1998 jure
1389 1926 1627 1979 ecclesiae
1646 1933 1844 1978 nostrae
1863 1925 2230 1990 CicestrensiS,

467 2019 524 2063 et
548 2011 787 2063 ecclesiae
813 2012 878 2063 de
906 2011 1082 2076 Bello,
1108 2011 1255 2081 pacis
1292 2011 1609 2081 compositio
1634 2011 1777 2063 inter
1812 2030 1899 2063 me
1926 2019 1982 2063 et
2003 2011 2231 2081 praedic-

467 2104 586 2147 tum
634 2097 885 2148 abbatem
946 2097 1097 2149 vobis
1142 2095 1505 2148 mediantibus
1565 2095 1684 2147 fieri
1751 2096 1895 2148 foret
1953 2095 2227 2166 possibile.

466 2180 688 2232 Etenim
712 2182 818 2233 huc
845 2182 940 2233 tali
975 2182 1161 2233 ordine
1199 2181 1407 2233 adveni.
1486 2180 1653 2235 Quod
1694 2181 1739 2232 si
1777 2181 1879 2233 hoc
1903 2190 2079 2234 vestro
2117 2200 2227 2233 non

465 2265 721 2318 insedisse
748 2266 926 2318 animo
953 2267 1309 2336 cognoverim,
1337 2266 1623 2335 ingruente
1647 2266 1981 2332 necessitate,
1998 2286 2097 2336 pro
2120 2286 2226 2332 me,

466 2359 522 2402 et
563 2370 661 2420 pro
701 2352 924 2404 ecclesia
965 2351 1285 2404 Cicestrensi
1323 2351 1456 2402 mihi
1498 2351 1792 2416 commissa,
1816 2360 1880 2403 ut
1913 2351 2226 2422 hujusmodi

464 2436 879 2506 inpraemunitus
913 2437 1269 2507 oppositionis
1304 2445 1360 2489 et
1383 2437 1601 2506 ignarus
1625 2437 1996 2490 satisfaciam.”

525 2523 911 2575 Renuentibus
929 2523 1251 2592 quibusdam
1267 2522 1413 2592 pacis
1428 2522 1546 2573 fieri
1564 2522 2024 2592 compositionem,
2042 2524 2223 2577 dicen-

466 2607 614 2659 tibus
641 2608 804 2660 etiam
828 2627 942 2660 rem
966 2608 1114 2659 illam
1140 2607 1235 2659 diu
1249 2608 1391 2659 inter
1415 2607 1538 2659 illos
1563 2607 1800 2659 habitam
1815 2608 1922 2660 fine
1942 2608 2105 2678 digno
2131 2610 2223 2661 de-

464 2692 591 2743 bere
630 2693 895 2756 concludi,
922 2712 1021 2745 nec
1054 2693 1388 2762 inposterum
1423 2692 1747 2762 prolongari,
1775 2693 2057 2764 episcopus
2093 2714 2222 2748 voce

377 2814 380 2816 -
450 2777 670 2835 ¹elevata
692 2778 1045 2830 reticentibus
1085 2778 1333 2830 omnibus
1358 2778 1534 2830 dixit:
1589 2782 1623 2806 “
1643 2778 1790 2833 Quia
1811 2798 1924 2849 pax
1962 2781 2223 2851 composi-

464 2861 629 2913 tionis
667 2862 809 2915 inter
834 2882 931 2915 nos
955 2863 1107 2915 vobis
1144 2863 1547 2931 inpedientibus
1583 2863 1702 2915 fieri
1734 2883 1845 2916 non
1885 2874 2083 2934 potest,
2121 2885 2221 2934 ego

463 2963 588 3016 quae
615 2948 853 3000 ecclesiae
879 2965 1013 3000 meae
1042 2947 1389 3000 Cicestrensis
1407 2948 1547 3017 juris
1573 2956 1700 3000 sunt
1725 2957 1781 3001 et
1815 2967 1928 3000 rem
1958 2950 2101 3002 inter
2122 2969 2220 3004 nos

460 3032 720 3086 hactenus
762 3033 1018 3097 habitam,
1055 3032 1264 3102 patenti
1299 3032 1505 3084 ratione
1533 3033 1748 3084 domino
1789 3033 1905 3101 regi
1945 3035 2220 3088 omnibus-

465 3136 571 3186 que
597 3118 685 3170 hic
705 3118 1121 3170 consistentibus
1144 3115 1426 3188 pandam.’'
1502 3117 1622 3170 Hac
1646 3117 1814 3185 igitur
1837 3137 1966 3171 usus
1989 3121 2215 3188 ratione,

463 3202 564 3254 hoc
589 3203 750 3254 modo
774 3202 978 3272 incepit
998 3222 1010 3255 :

536 3290 572 3315 “
591 3285 626 3338 J
627 3287 788 3338 hesus
812 3286 1075 3351 Christus,
1102 3286 1314 3338 domine
1339 3286 1415 3337 mi
1438 3285 1590 3350 rex,”
1615 3294 1670 3338 et
1697 3294 1945 3356 repetens
1972 3288 2218 3343 Christus

460 3371 655 3423 Jhesus
690 3371 959 3423 Dominus
995 3378 1193 3434 noster,
1221 3371 1490 3440 tertioque
1515 3371 1792 3434 reiteranS,
1822 3373 2107 3438 “audite,”
2132 3375 2216 3427 in-

460 3456 599 3524 quit,
653 3460 688 3485 “
710 3475 893 3508 omnes
933 3465 989 3508 et
1023 3456 1330 3524 intelligite.
1420 3456 1615 3508 Jhesus
1666 3455 1910 3509 Christus
1947 3458 2216 3514 Dominus

458 3550 640 3593 noster
695 3541 848 3593 binas
896 3541 1197 3594 mansiones
1253 3549 1655 3611 potestatesque
1720 3542 1873 3594 binas
1932 3544 1991 3595 in
2049 3545 2214 3617 hujus

459 3626 622 3678 seculi
669 3626 1017 3695 dispositione
1056 3626 1371 3689 constituit3
1418 3645 1579 3679 unam
1620 3626 1823 3680 scilicet
1858 3629 2209 3699 spiritualem,
