2398 4152
681 455 1041 499 MONASTERII
1084 458 1163 498 DE
1205 457 1409 498 BELLO.
1835 445 1901 494 15

253 582 497 635 LXVII.
539 582 757 646 Chebel,
784 583 873 635 vii.
902 583 1144 634 denarios
1166 592 1220 635 et
1247 601 1421 652 opera.

252 666 529 719 LXVIII.
568 666 811 734 Deringi,
838 666 927 718 vii.
955 667 1198 718 denarios
1223 675 1278 718 et
1302 684 1477 735 opera.

252 750 474 802 LXIX.
515 750 778 814 Leffelmi,
806 750 896 802 vii.
926 750 1166 801 denarios
1192 759 1247 802 et
1267 768 1443 819 opera.

252 833 442 886 LXX.
482 834 757 885 Benwoldi
785 833 938 896 Gest,
965 834 1055 885 vii.
1083 833 1323 884 denarios
1349 842 1403 884 et
1426 851 1600 901 opera.

253 916 475 969 LXXI.
516 916 769 968 Wulfrici
789 916 1029 985 porcarii,
1068 934 1116 966 v.
1139 916 1379 966 denarios
1403 924 1460 966 et
1484 934 1657 984 opera.

252 1000 508 1052 LXXII.
546 1000 771 1062 Emmae,
797 999 886 1050 vii.
911 998 1149 1049 denarios
1175 1007 1229 1048 et
1248 1017 1422 1066 opera.

253 1081 540 1134 LXXIII.
577 1081 743 1144 Slote‚
769 1081 859 1132 vii.
889 1081 1127 1132 denarios
1153 1088 1208 1131 et
1234 1099 1409 1148 opera.

253 1165 574 1217 LXXIIII.
614 1163 856 1216 Gosfridi
881 1164 1011 1226 coci,
1038 1162 1128 1215 vii.
1156 1162 1396 1214 denarios
1422 1170 1478 1213 et
1502 1180 1676 1231 opera.

259 1248 504 1301 LXXV.
548 1247 850 1310 Godesridi,
875 1266 924 1298 v.
953 1247 1193 1298 denarios
1220 1255 1277 1297 et
1299 1265 1475 1315 opera.

253 1331 530 1384 LXXVI.
569 1330 788 1383 Lefuini
815 1330 1059 1397 Hunger,
1087 1330 1177 1382 vii.
1207 1330 1448 1381 denarios
1474 1337 1529 1380 et
1554 1348 1729 1398 opera.

254 1415 564 1468 LXXVII.
603 1414 825 1466 AEdvini
852 1413 1031 1476 Cniht,
1058 1433 1108 1466 v.
1139 1414 1381 1465 denarios
1406 1421 1460 1465 et
1486 1432 1661 1482 opera.

253 1498 595 1552 LXXVIII.
637 1498 937 1560 Goldstani,
963 1498 1052 1549 vii.
1081 1498 1321 1548 denarios
1347 1505 1401 1548 et
1426 1515 1600 1565 opera.

255 1583 542 1635 LXXIX.
580 1581 859 1634 Wulbaldi
884 1581 1136 1644 Winnoc‚
1162 1581 1252 1634 vii.
1281 1581 1522 1632 denarios
1547 1588 1602 1632 et
1628 1599 1803 1649 opera.

254 1668 507 1720 LXXX.
549 1665 815 1728 Brembel,
859 1665 928 1717 vi.
956 1666 1197 1716 denarios
1222 1673 1277 1716 et
1303 1683 1480 1733 opera.

254 1751 539 1803 LXXXI.
578 1749 831 1802 Rotberti
855 1748 1066 1811 Barate,
1092 1750 1161 1800 vi.
1189 1749 1429 1800 denarios
1455 1756 1510 1799 et
1534 1766 1708 1816 opera.

254 1834 571 1886 LXXXII.
612 1833 804 1885 Lefflet
829 1832 1070 1900 Lounge,
1097 1833 1173 1883 iii.
1202 1832 1460 1883 denarios.

254 1917 602 1968 LXXXIII.
641 1916 853 1967 Edildae
881 1916 927 1966 T
929 1916 1051 1984 ipae,
1078 1934 1126 1966 v.
1155 1915 1394 1965 denarios
1421 1922 1476 1964 et
1500 1932 1675 1981 opera.

254 2000 636 2051 LXXXIIII.
676 1998 977 2050 LXXXV.
1013 1997 1289 2065 Goldingi,
1316 2017 1363 2049 v.
1394 1997 1634 2048 denarios
1659 2004 1714 2046 et
1735 2015 1912 2064 opera,

184 2092 239 2135 et
264 2085 328 2134 de
353 2084 455 2135 alia
473 2085 636 2153 juxta
661 2102 732 2146 se,
774 2102 823 2135 v.
851 2082 1109 2144 denarios,
1136 2088 1190 2131 et
1214 2081 1337 2131 inde
1362 2099 1470 2130 non
1505 2079 1636 2130 facit
1659 2079 1911 2142 brasium,

183 2186 278 2218 nec
304 2167 508 2219 invenit
530 2167 799 2218 hominem
824 2167 889 2217 ad
912 2173 1080 2234 prata,
1105 2182 1203 2214 nec
1229 2164 1296 2214 ad
1319 2163 1700 2214 molendinum.

254 2250 592 2303 LXXXVI.
632 2250 861 2302 AElurici
889 2248 1218 2310 Curlebasse,
1245 2247 1334 2299 vii.
1357 2247 1596 2299 denarios
1622 2254 1677 2297 et
1701 2265 1875 2315 opera.

327 2419 381 2469 A
404 2425 553 2486 parte
577 2416 821 2468 orientali
843 2424 1038 2467 sanctae
1064 2415 1272 2466 Mariae.

255 2500 627 2553 LXXXVII.
668 2500 924 2551 Mansura
949 2498 1223 2550 Wulfuini
1266 2497 1409 2560 Scot,
1447 2497 1537 2548 vii.
1580 2495 1821 2548 denarios
1862 2504 1917 2546 et

185 2604 358 2653 opera.

255 2652 660 2706 LXXXVIII.
724 2652 972 2720 Hugonis
1042 2651 1326 2714 secretarii,
1396 2651 1485 2701 vii.
1563 2649 1803 2701 denarios
1861 2658 1917 2699 et

185 2757 358 2807 opera.

257 2820 605 2872 LXXXIX.
647 2818 919 2870 Hunfredi
944 2817 1245 2887 presbiteri,
1272 2818 1361 2869 vii.
1390 2816 1631 2868 denarios
1658 2825 1713 2867 et
1738 2835 1913 2885 opera.

256 2904 379 2956 XC.
421 2903 620 2972 Pagani
647 2903 839 2966 Peche,
866 2902 956 2953 vii.
985 2902 1226 2953 denarios
1251 2909 1305 2952 et
1330 2920 1503 2970 opera.

256 2988 412 3040 XCI.
454 2986 716 3049 Durandi,
743 2987 831 3041 vii.
859 2985 1100 3037 denarios
1126 2994 1181 3036 et
1207 3004 1382 3054 opera.

325 3156 418 3207 Ex
443 3154 546 3205 alia
568 3162 717 3222 parte
741 3153 860 3203 viae.

257 3237 444 3291 XCII.
482 3237 515 3288 J
518 3237 654 3288 uliot
679 3235 840 3303 Lupi,
867 3235 956 3286 vii.
986 3235 1225 3286 denarios
1252 3243 1306 3285 et
1332 3254 1504 3302 opera.

252 3320 472 3373 XCIII.
512 3318 748 3370 AElfuini
774 3317 976 3379 Abbat,
1003 3318 1092 3368 vii.
1122 3317 1361 3367 denarios
1388 3326 1443 3367 et
1466 3336 1639 3384 opera.

257 3404 508 3458 XCIIII.
551 3403 773 3455 Siwardi
802 3395 987 3464 C‘rulli,
1015 3421 1062 3453 v.
1093 3402 1332 3452 denarios
1358 3409 1412 3451 et
1430 3420 1606 3470 opera.

258 3489 435 3541 XCV.
479 3487 706 3554 Sevugel
732 3485 963 3537 cannarii
1320 3493 1374 3534 et
1401 3503 1575 3552 opera.

258 3572 468 3624 XCVI.
510 3571 756 3622 Brictrici
784 3570 1026 3632 ortolani,
1053 3569 1141 3620 vii.
1172 3569 1411 3619 denarios
1439 3576 1494 3619 et
1520 3587 1693 3636 opera.
