2398 4152
916 418 1235 459 APPENDIX.
1844 409 1941 461 191

224 557 420 602 manso,
447 540 766 603 hominibus,
801 540 1075 608 homagiis,
1110 539 1423 602 redditibus,
1452 549 1506 591 et
1538 540 1741 607 integre
1771 539 1946 591 omnia

224 623 579 690 undecunque
612 624 964 686 obvenientia,
1010 642 1104 674 seu
1144 622 1568 691 quandocunque
1611 624 1667 674 in
1691 624 1830 675 dicta
1854 643 1946 692 pa-

222 705 400 756 rochia
425 706 687 758 addictam
714 707 983 758 ecclesiam
1009 707 1318 776 spectantia,
1346 715 1683 775 preterquam
1721 707 1947 759 decimas

220 788 497 840 bladorum
537 798 591 839 et
642 789 988 857 leguminum,
1027 798 1190 858 prout
1239 790 1590 858 prescriptum
1639 790 1945 842 est.—Item

218 871 478 940 percipiet
525 872 699 924 dictus
738 873 960 924 vicarius
1001 890 1048 924 c.
1094 872 1186 924 sol.
1223 891 1425 924 annuos
1468 874 1532 924 de
1572 874 1741 925 bladis
1785 875 1943 926 dictae

221 954 456 1006 ecclesiae
496 974 592 1024 per
625 974 812 1008 manus
849 958 1111 1008 dictorum
1143 956 1509 1024 religiosorum
1533 975 1653 1008 cum
1690 977 1796 1009 una
1833 959 1945 1027 pel-

217 1037 349 1089 licea
372 1048 426 1089 et
451 1038 583 1090 cotis
608 1039 1113 1091 decentibus-Dat.
1141 1055 1190 1089 A.
1213 1057 1266 1091 D.
1294 1040 1446 1092 1251.
1485 1077 1496 1090 .
1538 1079 1549 1090 .

1051 1207 1110 1257 Χ

219 1351 523 1419 Compositio
548 1352 685 1402 inter
709 1369 797 1402 nos
823 1359 870 1402 et
893 1351 1185 1402 Ecclesiam
1210 1350 1271 1402 de
1304 1350 1944 1419 Cicestria.—Reyistrum

840 1435 902 1485 de
926 1435 1096 1497 Bello,
1122 1453 1174 1502 p.
1207 1434 1323 1486 164.

287 1575 298 1586 .
339 1573 352 1586 .
390 1573 403 1586 .
443 1536 523 1587 Ut
563 1537 673 1589 scil.
702 1537 902 1588 electus
928 1537 992 1587 de
1021 1536 1175 1588 Bello
1203 1537 1296 1604 qui
1321 1555 1417 1605 pro
1444 1545 1682 1604 tempore
1725 1537 1944 1588 benedi-

217 1620 411 1671 cendus
436 1620 601 1671 fuerit
634 1620 1059 1672 benedictionem
1090 1627 1240 1688 petat
1282 1629 1337 1671 et
1359 1620 1582 1688 recipiat
1606 1620 1672 1671 ab
1699 1620 1944 1689 episcopo

219 1704 312 1772 qui
338 1723 434 1772 pro
459 1711 697 1772 tempore
723 1703 889 1755 fuerit
912 1703 969 1754 in
1009 1703 1227 1755 ecclesia
1263 1703 1551 1767 Cicestriae,
1592 1712 1646 1754 et
1681 1704 1737 1754 in
1764 1705 1946 1756 eadem

216 1787 434 1839 ecclesia
478 1788 821 1840 benedicatur
859 1787 1073 1838 electus.
1149 1786 1312 1840 Quod
1348 1788 1393 1838 si
1431 1788 1708 1857 episcopus
1747 1787 1944 1839 ibidem

218 1889 341 1922 eum
372 1872 682 1923 benedicere
723 1871 973 1934 noluerit,
1014 1871 1070 1921 in
1107 1870 1211 1921 alio
1258 1871 1374 1922 loco
1410 1872 1755 1922 benedicatur
1787 1891 1947 1940 quem

219 1955 539 2007 unanimiter
565 1955 822 2023 elegerint
848 1955 1123 2024 episcopus
1149 1962 1204 2004 et
1236 1954 1434 2005 electus
1468 1963 1693 2023 excepta
1731 1955 1949 2007 ecclesia

219 2039 522 2090 monasterii
571 2039 636 2089 de
692 2038 862 2090 Bello.
950 2037 1171 2088 Electus
1219 2055 1342 2088 vero
1388 2038 1770 2107 professionem
1814 2038 1951 2107 epis-

222 2141 355 2191 copo
387 2122 563 2186 faciat,
605 2141 713 2172 non
753 2130 931 2173 tamen
968 2121 1126 2173 liceat
1168 2121 1414 2190 episcopo
1447 2141 1542 2191 per
1566 2122 1946 2191 professionem

220 2205 526 2275 hujusmodi
573 2206 630 2256 in
667 2204 1047 2256 monasterium
1096 2205 1180 2257 vel
1223 2205 1468 2256 abbatem
1525 2225 1617 2258 seu
1667 2206 1949 2257 monachos

222 2290 457 2358 ejusdem
498 2288 801 2340 monasterii
840 2289 930 2357 jus
973 2289 1058 2340 vel
1089 2288 1514 2357 jurisdictionem
1564 2290 1665 2341 sibi
1717 2291 1951 2358 aliquam

220 2373 493 2424 vendicare
525 2373 629 2423 nisi
655 2391 776 2441 quae
808 2372 1186 2435 subscribitur3
1226 2381 1280 2423 et
1312 2373 1688 2424 installandum
1721 2374 1951 2425 auctori-

221 2466 329 2508 tate
369 2476 463 2507 sua
502 2475 598 2525 per
629 2456 862 2525 priorem
895 2456 1062 2524 ipsius
1085 2457 1390 2508 monasterii
1427 2457 1663 2509 remittat
1705 2458 1948 2509 eundem.

223 2539 309 2591 De
349 2540 580 2591 triennio
615 2558 829 2608 quoque
869 2540 927 2590 in
965 2539 1257 2591 triennium
1286 2541 1351 2592 ab
1377 2541 1570 2592 abbate
1606 2550 1660 2592 et
1684 2549 1948 2593 conventu

220 2624 447 2693 predicti
467 2623 772 2676 monasterii
802 2622 1072 2674 Cicestriae
1112 2624 1388 2693 episcopus
1413 2624 1733 2692 requiratur,
1760 2634 1823 2677 ut
1853 2644 1950 2694 per

222 2708 453 2776 aliquem
478 2708 763 2759 discretum
799 2707 1113 2758 monachum
1154 2708 1419 2759 dioceseos
1447 2708 1717 2760 Cicestriae
1743 2710 1951 2761 ordines

226 2792 287 2842 Β.
315 2792 593 2843 Benedicti
619 2799 673 2843 et
695 2791 908 2842 habitus
936 2792 1247 2854 eorundum,
1286 2801 1342 2843 et
1369 2793 1462 2861 qui
1488 2793 1564 2844 eis
1600 2812 1704 2845 non
1744 2794 1814 2845 sit
1838 2812 1950 2845 sus-

221 2884 424 2945 pectUS,
451 2876 739 2927 secundum
764 2893 946 2926 eorum
984 2876 1388 2928 constitutiones
1413 2884 1468 2928 et
1492 2878 1805 2946 approbatas
1831 2896 1953 2928 con-

224 2959 548 3022 suetudines,
584 2959 775 3010 abbate
807 2966 862 3009 et
889 2967 1153 3010 conventu
1189 2961 1439 3028 predictis
1474 2961 1575 3012 sibi
1600 2962 1764 3012 alium
1791 2979 1948 3029 quem

225 3043 490 3094 voluerint
517 3042 833 3094 monachum
855 3043 919 3092 de
954 3043 1135 3093 eadem
1169 3043 1365 3094 diocesi
1389 3044 1786 3107 associantibus,
1813 3045 1954 3112 ipsos

225 3125 441 3188 visitari,
467 3125 627 3176 faciat
651 3114 763 3176 vice
791 3144 901 3187 sua,
921 3133 1029 3177 tam
1054 3125 1108 3175 in
1136 3126 1326 3193 capite,
1355 3145 1513 3193 quam
1538 3128 1592 3177 in
1613 3127 1954 3178 membris.—

228 3210 386 3261 abbas
426 3209 653 3277 corrigat
686 3208 1087 3269 monasterium3
1125 3209 1420 3259 visitatores
1455 3210 1498 3260 si
1530 3211 1810 3262 concordes
1834 3210 1951 3261 fue-

224 3293 332 3343 rint
370 3311 477 3343 una
519 3311 641 3343 cum
691 3299 953 3342 conventu
995 3292 1241 3342 abbatem
1290 3293 1568 3361 corrigant.
1645 3293 1733 3344 Illi
1772 3303 1951 3345 autem

227 3376 479 3428 monacho
507 3376 600 3444 qui
624 3375 790 3426 fuerit
811 3375 876 3425 ab
904 3374 1149 3443 episcopo
1171 3376 1503 3427 transmissus
1522 3395 1629 3428 non
1670 3377 1827 3428 liceat
1850 3378 1953 3428 nisi

226 3477 274 3511 v.
302 3460 628 3528 equitaturas
651 3459 844 3510 habere
872 3465 927 3509 et
951 3458 1234 3509 servientes
1254 3478 1349 3511 suo
1375 3468 1430 3511 et
1454 3479 1712 3528 equorum
1737 3479 1953 3512 suorum

228 3543 438 3594 servitio
471 3551 843 3611 competentes.
918 3541 994 3593 Et
1018 3541 1120 3594 nisi
1145 3542 1357 3594 evidens
1381 3544 1659 3596 necessitas
1680 3563 1773 3595 seu
1798 3545 1956 3596 bene-
