2398 4152
805 798 1275 856 APPENDIX.

992 960 1109 1029 (A.)

190 1123 560 1159 FOUNDATION
588 1122 854 1158 CHARTER
879 1122 951 1158 ΤΟ
978 1122 1199 1158 BATTLE
1226 1122 1431 1170 ABBEY,
1460 1122 1614 1158 FROM
1650 1107 1913 1158 SELDEN'S

724 1212 965 1249 EDITION
1005 1213 1074 1248 OF
1113 1212 1372 1248 EADMER.

261 1545 642 1597 WILLIELMUS
686 1543 792 1596 Dei
837 1544 1006 1611 gratia
1041 1561 1140 1595 rex
1188 1542 1506 1611 Anglorum‚
1560 1551 1668 1595 tam
1724 1543 1923 1595 clericis

194 1647 351 1698 quam
375 1629 521 1681 laicis
544 1647 641 1698 per
666 1628 915 1696 Angliam
940 1627 1242 1679 constitutis
1267 1627 1529 1678 salutem.¹

23 1764 25 1767 Α
52 1733 82 1769 ,1³0
263 1712 469 1765 Notum
503 1713 574 1764 sit
604 1713 754 1765 vobis
786 1730 871 1763 me
906 1711 1218 1763 concessisse
1254 1718 1309 1761 et
1334 1711 1681 1773 confirmasse,
1709 1728 1922 1761 assensu

51 1796 87 1842 ἶ·
191 1797 474 1849 Lanfranci
521 1796 902 1866 archiepiscopi
949 1794 1341 1847 Cantuariensis
1385 1802 1440 1844 et
1490 1793 1734 1861 Stigandi
1783 1794 1921 1862 epis-

193 1882 311 1951 copi
354 1881 715 1943 CicestrensiS,
761 1889 817 1931 et
856 1879 1076 1931 consilio
1111 1879 1271 1930 etiam
1315 1878 1684 1947 episcoporum
1727 1895 1786 1927 ac
1829 1877 1921 1927 ba-

187 1966 377 2017 ronum
399 1983 655 2026 meorum,
680 1970 744 2014 ut
767 1962 984 2014 ecclesia
1011 1961 1192 2013 Sancti
1212 1960 1437 2012 Martini
1462 1962 1526 2011 de
1553 1961 1723 2024 Bello,
1763 1978 1923 2027 quam

191 2049 410 2101 fundavi
448 2067 518 2099 ex
552 2055 677 2099 voto
711 2047 779 2098 ob
816 2045 1091 2097 victoriam
1126 2064 1286 2113 quam
1322 2044 1453 2095 mihi
1482 2044 1632 2095 Deus
1657 2044 1713 2094 in
1738 2044 1923 2094 eodem

190 2133 306 2185 loco
332 2131 577 2193 contulit,
602 2130 770 2182 libera
806 2130 876 2181 sit
914 2138 970 2181 et
1013 2128 1197 2197 quieta
1230 2128 1288 2178 in
1323 2136 1645 2196 perpetuum
1678 2128 1743 2178 ab
1780 2126 1925 2177 omni

192 2216 444 2268 servitute
471 2222 526 2266 et
550 2214 796 2265 omnibus
822 2230 1173 2281 quaecumque
1200 2211 1430 2262 humana
1454 2229 1601 2261 mens
1622 2210 1924 2277 excogitare

193 2308 386 2369 potest,
413 2317 534 2351 cum
559 2298 805 2350 omnibus
831 2296 1182 2365 dignitatibus
1209 2302 1264 2345 et
1289 2294 1763 2345 consuetudinibus
1778 2313 1926 2361 rega-

193 2384 336 2437 libus
368 2402 499 2453 quas
541 2382 592 2434 ei
629 2382 794 2449 regali
818 2380 1135 2432 auctoritate
1162 2378 1394 2429 concessi
1433 2378 1569 2428 sicut
1594 2386 1752 2428 cartae
1790 2394 1924 2427 meae

194 2476 470 2520 testantur.
507 2466 651 2518 Volo
675 2465 858 2533 itaque
885 2473 940 2515 et
963 2463 1185 2514 firmiter
1199 2462 1453 2531 praecipio
1477 2471 1738 2529 quatenus
1761 2461 1925 2512 eccle-

197 2552 272 2604 sia
302 2551 413 2614 illa,
454 2568 575 2601 cum
598 2549 756 2616 leuga
779 2549 1191 2616 circumquaque
1236 2546 1526 2614 adjacente,
1570 2544 1739 2595 libera
1764 2545 1833 2596 sit
1859 2545 1924 2595 ab

196 2635 339 2687 omni
378 2633 736 2685 dominatione
775 2641 831 2683 et
870 2630 1206 2700 oppressione
1251 2629 1635 2698 episcoporum,
1672 2629 1809 2679 sicut
1832 2629 1925 2679 illa

198 2738 319 2787 quae
344 2718 477 2769 mihi
502 2735 747 2769 coronam
772 2716 980 2779 tribuit,
1000 2723 1056 2766 et
1083 2733 1179 2783 per
1215 2732 1373 2781 quam
1398 2713 1543 2780 viget
1574 2713 1733 2763 decus
1758 2713 1926 2764 nostri

196 2801 481 2871 regiminis.
557 2801 673 2853 Nec
715 2800 874 2851 liceat
916 2799 1165 2868 episcopo
1209 2796 1542 2860 Cicestrensi,
1585 2796 1822 2864 quamvis
1869 2796 1926 2847 in

257 2943 269 2967 ¹
302 2939 368 2981 On
404 2937 490 2980 this
526 2937 702 2991 charter‚
758 2936 913 2979 Selden
946 2936 1021 2979 ob-

199 3010 336 3039 serves
353 3011 362 3039 :
387 2997 410 3021 “
433 2995 626 3048 Quantus
647 2994 750 3036 item
770 2994 897 3036 fuerit
914 2993 1021 3036 Gui-

199 3052 368 3095 lielmus
397 3053 478 3095 iste
508 3053 553 3094 in
573 3052 751 3109 imperio
777 3051 889 3107 quod
910 3051 1022 3093 circa

1101 2950 1217 2990 num,
1259 2934 1398 2991 sigillo
1438 2933 1547 2990 regis
1591 2947 1788 2990 appenso,
1839 2947 1927 2975 ser-

1102 3000 1221 3035 vatur
1256 2992 1300 3034 in
1330 2992 1525 3033 thesauro
1561 2991 1770 3046 quantivis
1801 2990 1926 3046 pretii

1105 3049 1372 3103 Cottoniano‚
1414 3047 1718 3103 subjungam.”
1797 3047 1925 3089 Notae

202 3125 318 3153 sacra
349 3109 585 3163 exercebat,
620 3109 760 3165 palam
781 3108 921 3151 videre
957 3115 1020 3150 est

203 3167 246 3209 in
287 3167 515 3224 diplomate
564 3167 667 3221 ejus,
710 3180 792 3222 quo
828 3165 1021 3207 coenobio

203 3224 313 3280 quod
334 3239 359 3267 a
377 3224 488 3267 bello
509 3223 552 3265 in
569 3238 651 3279 quo
668 3223 768 3265 vicit
787 3222 1022 3264 Heraldum

201 3281 254 3323 ad
288 3281 406 3324 littus
439 3281 742 3323 Sussexianum
764 3279 1024 3321 denominari

204 3338 346 3392 voluit,
366 3338 547 3395 plurima
562 3337 778 3394 privilegia
790 3344 876 3378 tam
894 3336 1023 3378 sacris

205 3396 351 3437 officiis
385 3409 510 3452 quam
526 3394 813 3450 jurisdictioni
836 3408 858 3435 e
890 3393 1022 3449 iscopi

206 3452 480 3495 Cicestrensis
512 3451 768 3508 deroganfia,
799 3408 910 3506 stylo
930 3464 1022 3506 per-

204 3523 327 3565 quam
360 3509 584 3566 imperioso
626 3508 848 3550 concessit.
911 3506 1023 3548 Illud

204 3579 257 3607 ex
297 3567 387 3623 ipso
427 3565 685 3623 autographo
721 3565 834 3621 quod
874 3564 1022 3607 etiam-

1103 3107 1157 3149 ad
1179 3106 1330 3149 Eadm.
1352 3120 1394 3162 p.
1419 3108 1516 3148 165.

1154 3221 1279 3261 Some
1293 3233 1392 3276 very
1405 3218 1596 3261 valuablc
1612 3218 1798 3261 remarks
1811 3233 1839 3260 u
1870 3233 1924 3260 on

1105 3277 1190 3319 this
1218 3277 1380 3318 charter
1402 3276 1487 3317 will
1517 3275 1605 3317 also
1637 3276 1690 3318 be
1720 3277 1821 3317 foun
1880 3277 1924 3317 in

1106 3335 1171 3376 Sir
1203 3334 1350 3389 Henry
1370 3333 1605 3389 Spelman's
1638 3333 1774 3389 larger
1808 3333 1924 3374 work

1106 3406 1218 3448 upon
1229 3391 1389 3444 Tithes‚
1400 3390 1587 3445 showing
1604 3390 1694 3431 that
1710 3390 1794 3432 this
1812 3390 1929 3446 King

1106 3449 1205 3490 took
1227 3462 1339 3504 upon
1355 3447 1530 3489 himself
1560 3463 1584 3489 a
1603 3447 1762 3489 fulncss
1785 3447 1833 3489 of
1858 3462 1926 3490 ec—

1107 3505 1359 3548 clesiastical
1374 3519 1513 3561 power
1534 3504 1672 3546 which
1694 3504 1776 3546 had
1799 3520 1923 3547 never

1107 3564 1215 3606 been
1232 3562 1456 3605 witnessed
1478 3562 1634 3605 before.
1696 3562 1745 3604 P.
1770 3565 1865 3605 186.
