2398 4152
656 462 1019 505 MoNAs'rERn
1062 463 1141 503 DE
1184 462 1387 502 BELLo.
1823 449 1889 499 63

162 587 282 656 puis
331 587 414 638 sui
470 587 774 638 memoriam
833 596 889 638 et
941 587 1271 640 devotionem
1319 592 1632 653 perpetuare
1682 581 1888 648 sategit.

168 670 360 723 Curam
405 669 564 720 etiam
605 669 941 722 villicationis
984 670 1085 720 sibi
1129 668 1417 720 commissae
1467 667 1691 718 interius
1741 675 1891 715 exte-

165 753 382 821 riusque
408 752 555 820 vigili
600 752 914 804 strenuitate
953 771 1129 819 agens,
1176 759 1231 802 et
1254 750 1497 818 religioni
1542 750 1608 800 ad
1644 749 1726 799 sui
1759 748 1892 798 filio-

165 855 389 904 rumque
414 835 654 897 salutem,
700 844 763 886 ut
786 836 956 886 virum
979 834 1391 885 eruditissimum
1421 834 1656 894 decebat,
1685 849 1894 898 operam

167 921 307 982 dare,
349 927 404 970 et
428 918 661 970 ecclesiae
691 920 814 987 jura
838 917 924 968 vel
962 916 1243 983 dignitates
1284 915 1649 966 dirationando
1674 932 1893 974 servare,

166 1002 627 1071 possessionesque
679 1009 976 1051 restaurans
1014 997 1541 1048 honorificentissime
1595 1015 1649 1047 se
1695 1014 1895 1063 suaque

167 1086 342 1137 omnia
365 1085 610 1136 studebat
633 1084 924 1151 disponere.

237 1167 410 1235 Igitur
455 1185 575 1218 cum
601 1165 912 1217 omnimodis
936 1171 1176 1214 accurate
1203 1162 1377 1213 omnia
1419 1170 1647 1212 tractans
1683 1160 1897 1211 honoris
1920 1182 2059 1217 Quarrex

1858 1243 1868 1253 .
1918 1223 2069 1253 between
2092 1222 2150 1253 the

170 1252 520 1303 delectaretur
557 1248 991 1310 accumulatione,
1038 1246 1241 1297 solebat
1277 1246 1341 1296 ad
1375 1244 1583 1314 patroni
1609 1262 1898 1295 communls
1920 1263 2113 1311 Abboqand

169 1335 311 1386 beati
338 1334 562 1385 Martini
586 1334 782 1385 festum
805 1330 1046 1392 hiemale,
1082 1348 1178 1397 pro
1204 1336 1368 1379 tantae
1395 1327 1779 1396 solempnitatis
1805 1346 1899 1377 ex·
1919 1305 2167 1377 ἓῗὲιὲἒῖᾞῗετ.

173 1418 434 1480 cellentia,
490 1417 796 1485 episcopum
841 1415 1222 1465 Cicestrensem
1270 1412 1465 1480 saepius
1522 1411 1900 1462 summouendo

172 1502 433 1552 mandare.
511 1500 756 1554 Quadam
782 1517 906 1565 ergo
931 1498 1044 1548 vice
1067 1497 1167 1547 hoc
1192 1497 1346 1546 modo
1378 1495 1730 1556 submonitus,
1772 1494 1901 1544 cari-

173 1585 296 1636 tatis
343 1583 511 1651 gratia
558 1591 717 1650 atque
766 1581 1063 1642 adveniens,
1114 1588 1235 1647 post
1272 1590 1537 1647 peractam
1578 1588 1639 1629 ut
1687 1578 1905 1628 decebat

0 1724 3 1727 ,
175 1667 518 1735 solempniter
559 1665 917 1727 festivitatem,
954 1663 1179 1731 contigit
1219 1662 1451 1731 episcopi
1488 1662 1769 1724 ministros,
1794 1663 1905 1729 jam

0 1791 5 1812 ÷
175 1750 348 1819 patrio
373 1750 511 1801 forte
528 1749 757 1800 calentes
775 1766 937 1810 mero,
961 1746 1195 1798 ecclesiae
1216 1745 1510 1796 cellerarios
1530 1753 1585 1795 et
1602 1745 1904 1806 servientes,

178 1833 482 1885 ambitionis
524 1833 750 1899 quodam
793 1839 1000 1881 evectos
1043 1838 1263 1880 coturno
1313 1830 1608 1897 objurgare,
1655 1837 1709 1878 et
1758 1827 1908 1896 quasi

180 1936 274 1986 per
300 1916 592 1968 dominium
617 1915 758 1965 ultra
782 1915 968 1965 domus
1006 1913 1269 1965 sufficiens
1312 1911 1744 1973 stabilimentum,
1787 1930 1908 1979 quae

179 2000 375 2070 placita
415 1999 608 2061 forent,
659 1997 970 2048 auctoritate
1020 2014 1114 2047 sua
1161 1995 1526 2063 intemptando
1572 2002 1907 2061 extorquere.

186 2083 293 2135 Sed
317 2082 551 2133 ecclesiae
577 2081 800 2150 provide.
828 2080 1180 2131 renitentibus
1219 2078 1490 2140 ministriS,
1517 2077 1583 2127 ad
1621 2096 1772 2128 aures
1798 2087 1912 2128 tan-

182 2167 301 2217 dem
343 2165 584 2234 pervenit
623 2164 904 2232 pontificis.
982 2163 1160 2216 Quem
1194 2161 1362 2212 multa
1397 2169 1716 2211 commotum
1741 2161 1911 2228 indig-

183 2250 397 2301 natione
453 2247 764 2299 venerabilis
814 2247 1026 2297 demum
1075 2247 1233 2296 abbas
1292 2245 1439 2306 adiit,
1489 2245 1692 2295 ratione
1741 2245 1912 2295 virum

183 2334 387 2402 placare
454 2330 751 2398 temptavit.
845 2329 956 2382 Qui
1018 2328 1186 2379 furori
1253 2328 1447 2378 addens
1513 2327 1910 2388 contumaciam,

185 2416 386 2467 abbatis
430 2414 687 2483 patientia
725 2413 1027 2464 nullatenus
1069 2410 1300 2478 mitigari
1327 2410 1519 2478 potuit.
1597 2409 1838 2477 Cumque
1861 2418 1915 2460 et

186 2500 397 2550 sibimet
422 2498 712 2549 dominium
738 2514 984 2547 exercere
1010 2494 1346 2555 comminans,
1374 2494 1430 2543 in
1464 2493 1577 2561 ipsa
1603 2493 1820 2543 ecclesia
1854 2502 1915 2543 ut

185 2583 242 2633 in
264 2601 358 2632 sua
381 2582 516 2633 velle
554 2599 608 2631 se
637 2580 851 2641 diceret,
886 2580 1045 2630 abbas
1082 2577 1308 2638 restitit3
1353 2585 1581 2644 postque
1606 2577 1798 2627 multas
1823 2577 1915 2626 ob-

182 2666 514 2734 jurgationes
553 2664 773 2715 verbum
815 2661 1069 2713 oblivioni
1107 2679 1215 2710 non
1254 2660 1569 2710 tradendum
1613 2659 1914 2719 subintulit,

191 2750 333 2817 quod
371 2748 570 2799 scilicet
613 2747 716 2814 ipsi
760 2746 1005 2814 episcopo
1047 2763 1145 2794 nec
1184 2743 1432 2811 cuiquam
1474 2761 1687 2793 suorum
1730 2761 1796 2792 ne
1822 2742 1917 2792 ali-

189 2840 369 2883 menta
407 2831 622 2899 quidem
655 2838 783 2880 tunc
818 2847 888 2878 ex
916 2827 1295 2878 consuetudine
1320 2827 1584 2877 darentur.
1662 2825 1773 2878 Qui
1799 2844 1917 2875 cum

190 2917 256 2966 ad
277 2915 394 2966 haec
420 2914 702 2982 exsanguis
733 2931 887 2980 paene
912 2912 964 2962 vi
988 2911 1101 2962 haec
1141 2919 1459 2978 extorquere
1494 2910 1916 2970 comminaretur,

192 3000 378 3050 abbate
404 3018 432 3049 e
464 3005 646 3049 contra
668 2996 891 3048 viriliter
917 3014 970 3045 se
996 3003 1103 3045 tam
1132 2994 1313 3055 libere,
1342 2993 1782 3061 quemadmodum
1806 2994 1917 3059 ipse

192 3082 553 3150 episcopatum
592 3099 763 3141 suum,
792 3079 1010 3130 eandem
1050 3077 1315 3128 abbatiam
1353 3076 1581 3143 regalem
1628 3076 1920 3142 gubernare

196 3165 501 3228 affirmante,
528 3165 701 3216 denuo
728 3181 848 3214 cum
863 3170 1211 3228 utrorumque
1238 3158 1523 3210 disceditur
1548 3157 1918 3208 obstinatione.

201 3248 440 3316 Cumque
467 3249 532 3299 ad
556 3247 683 3298 dicti
708 3245 1074 3314 probationem
1091 3244 1368 3311 episcopus
1389 3260 1507 3292 cum
1532 3241 1639 3291 suis
1664 3240 1719 3290 in
1745 3240 1923 3290 crasti-

197 3320 323 3382 num
347 3331 758 3399 perendinasset,
799 3328 985 3378 abbate
1027 3325 1393 3377 inflexibiliter
1431 3323 1745 3374 sententiam
1769 3323 1922 3373 exitu

198 3415 264 3465 ad
302 3414 590 3465 multorum
631 3413 687 3462 in
728 3418 998 3479 posterum
1041 3408 1326 3459 utilitatem
1352 3407 1708 3467 confirmante,
1742 3406 1922 3457 minis-

200 3508 401 3547 trorum
426 3496 660 3547 ecclesiae
688 3494 943 3561 obsequio
970 3492 1270 3554 destitutus,
1307 3491 1568 3541 incibatus
1603 3491 1784 3540 horam
1820 3489 1922 3538 ibi-

203 3580 321 3629 dem
357 3579 609 3646 transegit
651 3578 941 3646 episcopus‚
986 3576 1302 3641 demumque
1345 3573 1386 3624 si
1427 3573 1586 3625 libuit
1611 3573 1711 3623 sibi
1738 3581 1791 3623 et
1816 3572 1923 3623 suis
