2398 4152
476 432 579 484 146
982 445 1263 486 HISTORIA
1304 445 1714 487 FUNDATIONIS

195 589 312 638 napae
466 569 791 637 legationem
816 571 872 621 in
898 571 1232 623 monasteriis
1257 587 1381 645 quae
1407 570 1663 624 viciniora
1691 571 2012 623 videbantur
2050 589 2219 641 expe-

193 631 385 706 ffiitssiiess
465 653 690 718 dientes,
743 654 961 707 Bellum
1012 674 1185 725 usque
1232 666 1607 725 pervenerunt.
1695 656 1944 711 Quorum
1985 657 2219 709 adventu

191 715 424 799 ffi‘i‘iigtfi‘ing
465 737 699 808 cognito,
746 759 875 793 mox
911 741 1089 810 priore
1133 750 1356 793 vocante
1398 741 1646 794 convenit
1684 741 1741 793 in
1774 741 2070 811 capitulum
2103 749 2220 793 totu.

192 796 346 882 ss’uissgste
464 823 626 876 simul
667 827 1023 896 congregatio.
1101 827 1407 880 Introducti
1444 828 1623 880 clerici
1659 828 1799 897 regis
1837 836 1892 879 et
1931 823 2220 896 archiepis-

465 909 585 978 copi
612 912 860 963 mandata
893 920 1272 981 porrexerunt,
1307 929 1431 982 quae
1456 912 1579 964 ilico
1597 911 1655 963 in
1681 912 1918 964 omnium
1944 907 2219 963 audientia
2253 972 2255 974 .

188 1003 389 1080 1³:223&ssss
381 1006 440 1081 (Ξῖ
462 992 603 1047 lecta
627 1006 769 1048 sunt.
845 996 1138 1067 Expeditis
1164 997 1410 1049 omnibus
1437 1015 1560 1065 quae
1585 1015 1683 1066 per
1698 996 1918 1048 clericos
1945 996 2089 1066 ipsos
2104 993 2216 1047 illic

188 1087 352 1163 glflsszirrs·
460 1080 665 1147 agenda
679 1081 1013 1145 videbantur,
1033 1101 1155 1135 cum
1168 1083 1282 1151 jam
1298 1082 1689 1134 abscedendum
1704 1089 1974 1151 putarent,
1992 1089 2214 1150 repente

459 1164 683 1217 nuntius
708 1166 846 1218 alius
871 1167 1105 1230 advenit,
1135 1167 1230 1237 qui
1257 1164 1464 1219 litteras
1489 1166 1792 1236 inopinatas
1815 1166 1982 1236 priori
2006 1173 2064 1217 et
2088 1183 2212 1217 con-

458 1250 645 1302 ventui
681 1252 898 1304 nomine
942 1252 1082 1321 regis
1115 1252 1462 1322 porrigendas
1488 1251 1702 1315 detulit,
1730 1251 2067 1303 continentes
2093 1248 2214 1319 qui-

459 1335 581 1387 dem
607 1337 862 1405 quatinus
885 1338 1034 1407 prior
1069 1346 1124 1389 et
1160 1338 1351 1389 fratres
1379 1337 1474 1407 qui
1500 1337 1702 1388 curiam
1742 1336 1946 1405 regiam
1981 1333 2215 1404 eligendi

454 1420 627 1487 gratia
668 1421 896 1489 pastoris
940 1422 1141 1474 adituri
1186 1431 1356 1484 erant,
1397 1430 1565 1473 cartas
1607 1421 1932 1489 dignitatum
1966 1438 2026 1472 ac
2050 1419 2214 1471 liber·

456 1512 630 1556 tatum
675 1523 892 1558 suarum
933 1525 964 1557 a
997 1525 1122 1574 rege
1162 1506 1442 1558 Willelmo
1480 1505 1790 1557 monasterii
1831 1505 2002 1575 ipsius
2025 1502 2214 1556 inclito

454 1588 740 1642 fundatore
787 1592 1288 1660 successoribusque
1348 1592 1465 1661 ejus
1509 1590 1729 1659 regibus
1773 1590 1876 1641 sibi
1924 1594 2215 1652 concessas,

455 1693 636 1726 secum
671 1676 955 1729 deferrent.
1034 1676 1351 1745 Stupefacta
1391 1677 1459 1728 ad
1494 1675 1595 1727 hoc
1631 1676 1943 1727 mandatum
1968 1674 2216 1726 universa

453 1761 812 1829 congregatio,
849 1761 1018 1831 coepit
1043 1781 1112 1813 ex
1138 1762 1256 1831 ipso
1282 1761 1511 1831 amplius
1537 1761 1744 1824 timere,
1774 1779 1934 1830 quam
1961 1761 2026 1812 de
2050 1759 2218 1830 priori

451 1845 680 1897 sollicita
700 1850 853 1898 esse.¹
929 1846 1250 1898 Monasterii
1274 1864 1507 1915 namque
1533 1845 1617 1898 sui
1643 1844 1995 1914 dignitatibus
2020 1844 2220 1896 multos

451 1929 691 1981 invidere
733 1939 940 1983 certum
973 1931 1250 1995 habentes,
1278 1931 1572 2000 plurimum
1597 1931 1939 1993 verebantur,
1980 1949 2048 1982 ne
2073 1929 2215 1982 forte

449 2033 567 2078 rex,
591 2015 884 2085 cujuslibet
906 2016 1140 2085 maligna
1164 2016 1506 2085 suggestione
1533 2024 1702 2067 cartas
1721 2016 1835 2085 jam
1861 2015 2027 2067 dictas
2051 2015 2216 2066 vellet

451 2100 736 2169 surripere,
788 2120 855 2152 ne
897 2102 1062 2153 abbas
1108 2101 1319 2153 noviter
1356 2101 1678 2153 monasterio
1713 2099 2105 2170 praeficiendus,
2147 2100 2215 2152 ad

449 2186 759 2237 monasterii
798 2186 968 2256 ipsius
1011 2185 1400 2255 protectionem
1427 2204 1608 2237 earum
1633 2185 1742 2237 frui
1778 2193 1960 2254 posset
1979 2184 2213 2237 auctori-

449 2278 577 2321 tate.
656 2270 784 2322 Non
823 2271 967 2322 enim
1003 2290 1034 2322 a
1067 2269 1323 2321 memoria
1355 2270 1647 2334 exciderat,
1677 2269 1924 2338 qualiter,
1967 2277 2031 2321 ut
2055 2288 2214 2339 supe-

447 2354 557 2406 rior
590 2355 761 2407 edidit
794 2356 1046 2419 narratiO,
1088 2356 1339 2407 adversus
1381 2355 1595 2407 easdem
1619 2355 1897 2407 libertates
1922 2354 2091 2406 fuerit
2115 2353 2216 2406 ali-

449 2441 662 2509 quando
703 2460 734 2492 a
758 2441 1007 2510 pluribus
1033 2440 1442 2504 conclamatum,
1485 2440 1626 2509 ipsas
1666 2439 1845 2492 minus
1869 2439 2212 2492 rationabiles

447 2544 580 2590 esse,
619 2545 717 2578 nec
762 2527 866 2578 nisi
900 2526 1052 2596 prius
1086 2534 1320 2578 mutatas
1347 2534 1511 2595 atque
1539 2534 1798 2577 correctas
1826 2525 2093 2577 observari
2120 2525 2213 2577 de-

445 2612 589 2663 bere.

176 2727 364 2760 Nominat,
522 2696 653 2748 Plus
693 2698 877 2766 itaque
923 2717 994 2749 ex
1037 2697 1138 2749 hoc
1184 2697 1433 2749 mandato
1474 2696 1749 2748 sinistrum
1790 2715 1952 2766 quam
1995 2714 2216 2765 prospe·
2278 2707 2318 2758 ᾗ
2370 2700 2372 2702 ’

174 2770 396 2851 ζνὲὦξζζῗῐ
447 2799 568 2833 rum
613 2782 963 2851 suspicanteS,
1014 2783 1287 2834 mentibus
1328 2801 1424 2851 per
1460 2782 1668 2833 diversa
1707 2790 1763 2833 et
1798 2782 2002 2834 incerta
2041 2781 2214 2851 rapie-

176 2855 426 2928 ffikffissfficff
452 2867 666 2930 bantur,
718 2867 980 2918 attentius
1029 2875 1207 2917 tamen
1264 2876 1475 2918 orantes
1529 2866 1741 2918 evenire
1790 2866 1893 2918 sibi
1942 2884 2211 2936 prospera.

176 2938 344 3013 (ἔῡῖᾌῖἷο
360 2938 403 2971 ¹⁰⁸
456 2950 631 3021 Igitur
656 2951 1047 3004 communicato
1075 2951 1297 3002 consilio
1325 2950 1626 3002 tractabant
1651 2951 1717 3002 de
1742 2951 2071 3021 praeficiendi
2110 2950 2215 3002 sibi

452 3037 682 3105 pastoris
721 3037 1003 3100 electione,
1050 3036 1327 3105 cupientes
1372 3053 1495 3086 eum
1531 3035 1850 3087 omnimodis
1885 3035 1987 3087 sibi
2025 3053 2249 3098 secuns
2299 3033 2321 3110 ''-

454 3122 583 3174 dum
608 3130 873 3174 cartarum
913 3140 1128 3173 suarum
1155 3130 1393 3173 tenorem
1434 3119 1637 3189 praefici
1663 3121 1728 3172 de
1754 3120 1971 3190 propria
1995 3139 2214 3189 congre-

451 3207 685 3275 gatione.
765 3206 1166 3259 Consenserunt
1208 3206 1393 3274 itaque
1438 3205 1495 3256 in
1542 3205 1673 3256 duas
1718 3204 1941 3274 capituli
1982 3205 2065 3256 sui
2091 3223 2213 3274 per-

454 3311 624 3356 sonaS,
662 3301 726 3344 ut
766 3292 809 3343 si
849 3291 990 3343 forte
1031 3310 1140 3342 una
1181 3310 1290 3342 non
1334 3289 1725 3354 admitteretur,
1759 3290 1925 3353 altera
1948 3289 2212 3358 recipere-

455 3387 556 3429 tur.
635 3376 958 3428 Imminente
984 3377 1096 3445 jam
1123 3375 1209 3428 die
1239 3393 1346 3444 qua
1379 3393 1556 3426 coram
1581 3394 1706 3444 rege
1734 3383 1788 3426 et
1814 3374 2212 3444 archiepiscopo

453 3471 567 3513 erat
593 3461 1033 3524 conveniendum,
1061 3460 1207 3530 prior
1228 3459 1442 3511 sociatis
1467 3459 1571 3511 sibi
1590 3459 1712 3511 iiii0¹
1732 3459 1991 3511 fratribus
2016 3459 2121 3511 iter
2147 3476 2212 3510 eo

510 3583 522 3606 ¹
557 3578 662 3621 This
679 3593 817 3621 seems
839 3587 884 3621 to
898 3578 952 3621 be
973 3578 1018 3620 in
1034 3578 1290 3634 conformity
1377 3591 1477 3621 man
1513 3578 1664 3633 Kings.
1729 3577 1822 3620 The
1852 3592 2001 3621 reason
2031 3577 2096 3620 for
2126 3577 2214 3620 this

450 3636 554 3678 with
571 3636 643 3678 the
656 3636 798 3693 policy
813 3636 999 3693 pursued
1012 3636 1069 3693 by
1087 3636 1157 3678 the
1175 3636 1290 3678 Nor—
1378 3636 1562 3679 demand
1583 3636 1620 3679 is
1636 3635 1774 3678 stated
1790 3644 1830 3678 at
1848 3651 1919 3693 pp.
1946 3638 2045 3691 148,
2064 3638 2160 3680 156.
